2534 3890
946 260 1012 293 lx.
1056 260 1492 295 SALAMANDRA.
2259 266 2318 308 75

127 368 239 402 Artus
267 372 301 401 et
328 369 518 403 branchiae
544 369 719 402 minorum
752 368 866 401 minus
901 369 1055 403 distincti
1081 374 1162 403 sunt
1195 380 1299 414 quam
1336 371 1523 413 majorum.
1585 368 1710 412 Rugac
1747 371 1909 403 laterales
1944 378 1976 404 et
2003 373 2170 407 candales
2197 375 2323 408 desunt

128 435 234 476 (conf.
262 435 397 470 FUNKH
433 438 503 470 tab.
527 436 568 477 3,
603 435 660 479 fig.
678 435 878 477 27—30.).

277 528 311 561 6.
378 527 491 569 Ova,
541 538 586 561 ex
621 532 721 561 utero
750 528 930 568 desumta,
979 539 1044 560 nec
1077 537 1148 560 non
1182 527 1316 571 reliqua
1360 528 1600 563 intestina.
1643 528 1676 560 in
1711 527 1833 572 spiritu
1870 528 1941 561 vini
1983 536 2182 574 asservata,
2232 533 2324 567 infra

129 593 336 628 describam.

888 938 930 980 3.
1034 938 1079 980 S.
1166 939 1206 982 O
1261 938 1295 978 Ρ
1345 939 1386 979 Α
1437 938 1468 980 G
1516 939 1570 980 A.

396 1064 563 1110 Corpore
589 1065 680 1105 levi,
715 1065 849 1111 mgr-o,
883 1075 1007 1110 supra
1027 1061 1178 1109 pallide
1203 1063 1422 1103 maculalo;
1457 1061 1586 1098 emula
1611 1061 1837 1098 dodrantali
1870 1065 1976 1108 (Tab.
2000 1066 2063 1110 X).

281 1190 381 1224 llaec
416 1191 660 1232 salamandra,
701 1191 777 1233 jam
811 1191 845 1223 in
881 1193 1071 1234 conspectu
1106 1189 1322 1223 collectionis
1356 1200 1457 1222 meae
1492 1200 1524 1233 p.
1552 1189 1600 1223 43
1635 1190 1831 1234 descripta,
1873 1190 1958 1224 mihi
1991 1202 2011 1224 0
2038 1191 2261 1229 New-York
2295 1196 2331 1230 in

129 1258 299 1291 America
324 1253 531 1291 transmissa
567 1262 630 1292 est.

281 1323 454 1369 Corpus
480 1326 502 1359 2
520 1325 664 1369 pollices
691 1325 837 1369 longum
865 1328 936 1365 est,
973 1324 1088 1357 cauda
1116 1323 1163 1364 1}
1189 1323 1347 1367 pollices.
1407 1322 1706 1356 verrucarum
1738 1334 1803 1356 seu
1828 1335 1995 1367 pororum
2028 1325 2219 1361 dorsalium
2244 1328 2330 1363 late.-

130 1392 319 1434 raliumvc,
354 1392 431 1436 ipso
468 1393 572 1425 oculo
600 1395 758 1433 armato,
792 1391 928 1425 nullum
960 1390 1151 1435 vestigium
1186 1401 1225 1423 se
1261 1390 1388 1434 prodit.
1448 1388 1480 1423 P
1490 1389 1701 1424 arotides
1735 1390 1880 1434 desunt3
1920 1391 2020 1425 10003
2055 1403 2177 1426 earum
2211 1398 2329 1429 autem

131 1459 225 1492 linea
251 1460 423 1503 impressa
448 1460 624 1493 indicatus
651 1463 713 1493 est.
767 1458 934 1492 Truncus
961 1458 1052 1491 inter
1084 1458 1192 1502 pedes
1228 1457 1363 1490 anticos
1399 1460 1434 1490 et
1467 1457 1642 1500 posticos,
1683 1457 1784 1490 lineis
1817 1459 2113 1493 transversalibus
2139 1460 2331 1505 impressis,

131 1526 651 1560 duodecim-annulatus
686 1530 757 1568 est,
799 1526 901 1559 lineis
938 1526 1044 1558 dorso
1082 1528 1116 1558 et
1142 1528 1265 1558 ventre
1293 1524 1576 1558 obsoletioribus.
1635 1523 1770 1557 Latera
1809 1524 1954 1569 insuper
1984 1525 2123 1560 lineolis
2155 1529 2332 1563 nonnullis

130 1594 443 1637 longitudinalibus
477 1594 657 1637 impressis
694 1592 931 1627 subobsoletis
966 1592 1101 1626 rimosa
1141 1595 1232 1626 sunt.
1307 1590 1463 1624 Gauda
1504 1594 1616 1632 teres,
1665 1591 1803 1635 apicem
1835 1603 1960 1626 versus
2002 1595 2331 1639 compressiuscula,

130 1661 299 1694 lateribus
327 1661 558 1694 transversim
591 1660 781 1705 rugulosis.
840 1659 986 1694 Pedes
1020 1660 1112 1693 sicut
1144 1659 1181 1692 in
1213 1658 1400 1703 speciebus
1436 1658 1745 1700 antecedentibus,
1785 1658 1904 1703 digitis
1931 1662 2048 1693 autem
2074 1661 2331 1705 gracilioribus,

130 1728 309 1772 digitoque
335 1728 491 1761 secundo
517 1728 716 1772 plantarum
744 1728 900 1761 articulis
928 1731 1079 1772 quatuor
1104 1726 1237 1760 liberis.
1295 1724 1434 1760 Color
1459 1737 1567 1770 supra
1592 1726 1866 1769 nigro-fuscus.
1902 1727 2051 1760 maculis
2077 1727 2332 1772 irregularibus

132 1795 432 1837 subtransversis,
476 1795 600 1839 eapitis
635 1798 670 1828 et
697 1794 793 1828 dorsi
827 1794 1158 1838 sordide—glaucis,
1201 1793 1336 1827 caudae
1363 1793 1504 1826 sordide
1538 1792 1943 1836 albo-flavescentibus3
1985 1793 2078 1827 infra
2105 1798 2139 1828 et
2163 1795 2333 1830 lateribus

130 1862 509 1906 phunbeo-cinereus,
548 1862 640 1906 plica
665 1862 897 1895 transversali
923 1862 1040 1906 gulari
1068 1865 1102 1895 et
1127 1862 1267 1895 inferna
1293 1861 1428 1894 caudae
1461 1864 1562 1904 parte
1596 1859 2018 1894 albido-ssavescentibus
2051 1881 2098 1885 ——

279 1929 452 1963 Defectus
478 1929 679 1974 parotidum
705 1932 739 1962 et
764 1940 1013 1971 verrucarum,
1048 1940 1114 1962 nec
1140 1940 1211 1961 non
1238 1928 1376 1961 articuli
1401 1931 1551 1971 quatuor
1577 1926 1679 1960 liberi
1705 1927 1805 1970 digiti
1831 1927 1975 1960 secundi
1997 1927 2214 1971 plantarum,
2241 1928 2333 1963 hano

131 1997 284 2040 speciem
311 1997 397 2030 satis
424 2008 446 2030 a
472 1997 609 2030 duabus
637 1996 925 2029 antecedentibus
952 1996 1189 2040 distinguunt,
1227 2007 1249 2028 a
1275 1995 1402 2039 quibus
1428 1997 1614 2037 praeterea
1641 1993 1746 2026 etiam
1773 1994 1886 2037 eapite
1913 1994 2117 2038 angustiore
2144 1995 2260 2028 differt
2284 2015 2331 2020 -—

132 2065 191 2098 Λ11
218 2063 394 2108 Molge?
437 2064 511 2098 Sed
538 2063 678 2097 habitus
704 2067 798 2097 totus
825 2063 979 2097 crassior
1006 2066 1041 2096 et
1066 2062 1239 2103 torosior,
1274 2073 1402 2105 corpus
1436 2061 1659 2101 annulatum,
1702 2061 1816 2094 cauda
1850 2060 1965 2094 minus
1998 2072 2218 2105 compressa,
2263 2062 2331 2096 dis-

134 2132 285 2165 suadent
310 2152 356 2155 —
404 2131 464 2165 An
491 2131 791 2164 Salamandra
826 2133 1044 2174 punctata
1080 2128 1299 2163 Mammam?
1342 2127 1509 2161 Maculae
1535 2127 1749 2170 irregulares
1783 2127 1942 2160 dorsales
1974 2127 2085 2161 nostri
2119 2128 2330 2172 speciminis,

132 2200 162 2233 si
188 2199 355 2232 intentius
382 2210 443 2232 eas
470 2199 622 2237 intucor,
649 2198 684 2231 in
712 2198 800 2231 (luas
827 2198 938 2230 series
965 2197 1105 2241 quidem
1132 2195 1391 2239 subdispositac
1419 2206 1497 2228 esse
1515 2194 1698 2236 videntur3
1732 2194 1813 2234 sed,
1841 2193 2134 2237 descriptionibus
2161 2199 2195 2227 et
2221 2195 2329 2228 iconi-

133 2267 198 2300 bus
225 2269 411 2310 punctatae
438 2277 516 2298 011111
543 2269 661 2299 nostra
697 2265 929 2308 comparatis,
968 2264 1047 2307 illa,
1080 2265 1196 2298 forma
1231 2266 1264 2296 01
1299 2261 1528 2306 dispositione
1555 2260 1711 2305 regulari
1745 2261 1981 2302 macularum,
2022 2272 2087 2294 nec
2121 2272 2191 2295 non
2218 2262 2331 2295 cauda

132 2334 240 2367 multo
267 2333 447 2377 longiore,
491 2344 512 2365 a
539 2336 659 2366 nostra
686 2333 772 2366 satis
799 2331 941 2366 recedit.
