2534 3890
200 238 263 283 72
1109 236 1483 273 BATRAGHIA.

202 347 379 392 Corpus
388 372 398 390 ,
425 346 644 392 longitudine
681 347 794 382 6—7
815 348 1007 388 linearum,
1042 358 1106 390 pro
1133 346 1271 380 ratione
1298 345 1494 379 convenius
1529 348 1583 377 est
1608 355 1712 388 quam
1737 344 1774 378 in
1800 344 1949 387 adultis,
1986 344 2129 379 sordide
2154 344 2397 381 dilute-brun-

200 426 323 455 neum,
364 415 503 458 punctis
529 414 698 448 confertis
725 414 979 455 subtilissimis,
1014 413 1064 446 uti
1098 413 1239 446 videtur
1271 412 1458 452 concavis,
1500 415 1666 455 tanquam
1694 411 1889 446 cribrosum
1915 432 1963 438 —
2008 411 2183 446 conferas
2210 412 2396 458 figuran12

201 481 340 514 tabulae
358 479 406 514 36
439 480 588 514 leonum
612 481 923 522 BLUMENBACHH,
964 490 1054 524 quae
1081 483 1217 522 autem,
1258 483 1330 513 tam
1355 478 1597 523 magnitudine
1630 477 1790 521 corporis
1823 489 1928 522 quam
1954 479 2131 524 elegantia
2157 480 2311 523 caudae,
2344 480 2395 514 in-

200 547 350 580 dividuis
377 548 507 581 nostris
533 548 681 584 inferior
707 551 770 580 est.
813 546 942 580 Icones
977 546 1356 580 BLUMENBACfflANAE
1390 547 1429 578 in
1460 544 1707 578 Bnensrmn
1735 543 1914 579 Translat.
1948 545 2088 580 LACEP.
2110 546 2152 580 II
2186 547 2257 581 tab.
2279 546 2328 582 38
2362 551 2397 580 et

198 611 298 647 Getr.
316 613 461 648 Abbild.
479 613 666 656 XXXIV,
694 615 763 647 tab.
782 612 823 654 8,
859 613 1030 657 repetitae
1057 617 1149 647 sunt.
1177 633 1224 637 -
1259 611 1469 646 Cellulae
1495 611 1591 645 haud
1618 611 1793 655 aperturis
1817 611 2024 647 lateralibus
2049 613 2141 647 inter
2175 624 2216 647 se
2242 624 2396 648 commu-

196 680 331 721 nicant,
365 681 429 714 sed
456 681 782 725 diaphragmatibus
808 681 1088 713 membranaceis
1114 682 1300 723 separatae
1326 682 1418 712 sunt.
1481 677 1665 713 Orificium
1698 688 1821 711 earum
1852 678 1962 712 multo
1990 683 2044 713 est
2070 680 2255 725 angustius
2280 680 2396 725 spatio

194 747 351 789 interno,
386 747 435 781 ita
460 751 498 780 ut
522 748 660 789 larvas,
704 746 773 781 hoc
798 748 950 791 spatium
977 750 1087 781 totum
1121 746 1325 790 explentes,
1358 757 1429 779 non
1463 745 1532 779 nisi
1564 744 1736 779 tractibus
1769 744 2051 789 violentissimis,
2088 746 2179 781 inter
2204 759 2294 793 quos
2319 748 2396 783 fere

194 813 516 859 disrumpebantur,
559 813 766 858 protrahere
791 825 945 857 possem.

341 904 375 938 4.
428 903 555 938 Pulli
582 906 795 939 eeaudati
822 905 1153 950 quadrupedes.
1206 904 1446 949 Longitudine
1473 903 1586 937 6——7
1603 903 1787 937 linearum.
1839 903 2069 948 Ferruginei3
2102 916 2166 949 per
2191 909 2302 939 totum
2318 917 2394 940 cor-

192 983 258 1015 pus
285 975 319 1004 et
346 975 443 1005 artus
468 972 627 1016 granulis
656 973 745 1006 albis
772 972 1008 1006 subtilissimis
1035 972 1221 1005 confertim
1249 971 1364 1005 obsiti.
1412 971 1549 1005 Lineae
1578 971 1739 1004 elevatae
1757 971 1917 1004 dorsales
1945 971 2110 1005 laterales
2137 976 2172 1005 et
2194 983 2286 1016 pone
2313 984 2394 1007 ocu-

191 1038 263 1080 los,
298 1038 421 1083 quales
448 1038 484 1071 in
509 1050 608 1072 mare
634 1040 748 1084 primo
775 1039 992 1082 descriptae,
1028 1050 1047 1071 e
1075 1039 1233 1084 granulis
1261 1040 1369 1080 albis,
1411 1038 1518 1083 paulo
1545 1038 1741 1081 majoribus
1768 1038 1944 1082 pauloque
1971 1039 2262 1082 confertim-ibus,
2299 1051 2392 1073 eom-

189 1105 327 1149 positae
361 1108 452 1139 sunt.
519 1104 639 1150 Prope
672 1118 779 1151 supra
812 1117 919 1139 anum
953 1106 1174 1140 tuberculum
1211 1106 1347 1140 caudae
1380 1105 1569 1150 vestigium
1608 1105 1725 1149 prodit
1761 1125 1807 1129 —
1856 1103 2032 1139 Conferas
2069 1105 2194 1140 SEBAE
2238 1106 2349 1141 Thes.
2374 1107 2392 1140 l

189 1172 258 1206 tab.
284 1172 333 1206 77
359 1171 417 1216 fig.
434 1172 477 1206 B.
