2534 3890
178 246 240 287 90
1175 235 1548 271 BATRACHIA.

178 356 383 389 membrana
409 351 537 385 clausis
565 350 752 393 dilatabili,
787 361 896 395 quae,
932 359 993 382 ore
1019 348 1090 380 late
1118 349 1259 390 aperto,
1288 345 1519 389 expanditur,
1556 355 1617 377 ore
1645 345 1767 378 clauso
1796 351 1913 380 autem
1941 347 1985 379 ad
2012 348 2140 389 latera,
2177 349 2287 384 instar
2312 352 2383 386 lobi

179 420 339 457 eutanei,
374 419 574 461 prominere
601 419 709 459 solet,
752 422 787 451 et
814 427 920 460 supra
946 414 1129 447 maxillam
1155 413 1375 457 superiorem
1411 411 1621 455 replicatum
1663 412 1810 445 maxilla
1836 414 2019 457 superiore
2046 416 2206 450 seriebus
2234 418 2382 459 duabus,

182 487 349 520 inferiore
377 485 468 518 serie
495 496 565 518 una
593 485 749 518 dentium
775 493 965 527 parvorum
992 481 1236 514 subulatorum
1263 479 1560 519 acutissimorum,
1589 478 1751 521 armatis3
1782 479 1904 523 lingua
1925 482 2017 523 lata,
2047 483 2162 516 antice
2183 486 2381 519 rotundam,

182 552 215 586 (ὲ
227 553 297 585 1113
325 553 416 596 plica
443 556 593 585 cutanea
620 550 860 585 transversali.
913 548 1106 582 Dorsum
1133 548 1424 588 canaliculatum3
1458 546 1565 579 crista
1591 545 1879 588 membranacea,
1909 549 2091 582 altitudine
2121 551 2138 583 1
2155 552 2383 592 -1ὲ111183-

180 631 273 660 rum,
312 631 330 652 e
358 619 554 652 canaliculo
582 618 713 652 dorsali
740 620 877 657 erecta,
912 615 1018 659 paulo
1047 619 1127 648 ante
1154 615 1308 648 medium
1336 614 1432 646 dorsi
1460 618 1555 655 orta,
1590 624 1653 657 per
1686 613 1857 656 posticam
1884 615 1980 649 dorsi
2014 621 2150 660 partem
2177 622 2211 651 et
2238 620 2383 653 caudam

180 687 357 728 excurrit,
386 686 490 729 hujus
518 686 652 729 apicem
681 683 789 717 ambit
815 686 849 716 et
876 683 911 715 in
938 682 1009 715 ima
1036 683 1112 725 ejus
1140 682 1216 715 acie
1243 681 1290 714 ad
1317 692 1423 714 anum
1449 691 1560 724 usque
1588 679 1824 714 continuatur.
1876 680 2023 717 Pedes
2051 684 2169 728 digitis
2192 686 2284 719 fissis
2300 687 2385 720 libe-

180 754 249 795 ris3
283 754 390 786 antici
416 753 533 797 digitis
563 753 579 785 1
604 751 799 793 (interiore)
829 753 863 783 et
889 748 914 782 4
946 750 1243 794 subaequalibus,
1284 747 1307 783 2
1335 751 1370 781 et
1397 747 1419 781 3
1441 747 1661 792 longioribus
1689 758 1795 791 quam
1821 748 1890 790 illi,
1925 751 2216 794 subaequalibus,
2262 753 2284 788 3
2307 765 2385 798 per-

178 821 283 864 paulo
310 821 488 864 longiore3
522 818 648 862 postici
674 818 784 862 digito
813 816 831 851 1
852 817 1083 859 brevissimo,
1112 815 1133 850 5
1156 819 1190 849 et
1207 815 1228 850 2
1245 814 1353 859 paulo
1380 815 1600 859 longioribus
1628 815 1855 859 aequalibus,
1883 815 1904 849 3
1927 820 1961 849 et
1988 816 2011 850 4
2027 819 2252 862 aequalibus,
2280 822 2385 864 paulo

176 888 395 932 longioribus
421 897 525 930 quam
552 885 622 927 i11i3
664 886 783 929 digitis
810 885 973 918 omnibus
1000 884 1100 928 apice
1127 883 1348 916 acutiusculo
1377 883 1476 923 albo,
1514 893 1670 926 unguem
1695 882 1898 916 mentiente.
1950 884 2074 918 Anus
2108 885 2383 930 longitudinalis.

177 954 330 988 Cauda
356 964 577 997 compressa,
613 953 751 996 apicem
776 963 902 985 versus
929 951 1062 985 sensim
1096 951 1318 984 decrescens.
1382 947 1411 983 C
1422 949 1522 982 olor
1558 949 1833 994 nigro-fuscus,
1878 961 2031 994 superne
2065 953 2225 987 obsolete
2251 955 2384 989 albido-

176 1021 421 1064 punctulatus,
456 1020 594 1064 punctis
621 1020 698 1053 solo
727 1020 830 1053 oculo
858 1022 994 1052 armato
1022 1017 1242 1062 conspicuis,
1284 1017 1391 1051 crista
1418 1016 1632 1061 nigricante,
1666 1017 1846 1051 branchiis
1872 1018 2002 1063 nigris,
2041 1020 2177 1053 inferne
2202 1022 2308 1065 paulo
2336 1023 2386 1055 di-

174 1088 297 1129 lutior,
333 1088 481 1121 maculis
508 1087 668 1120 rotundis
695 1087 814 1130 parvis
841 1086 1095 1130 nigricantibus
1121 1085 1339 1129 variegatus.

327 1155 403 1188 Hoc
430 1155 561 1188 animal
588 1166 608 1187 a
636 1154 825 1195 Cui-iuno,
860 1152 1085 1195 Mmmmuo,
1119 1152 1354 1186 LEUCKAnTo
1383 1155 1448 1185 etc.
1476 1162 1540 1195 pro
1574 1150 1675 1184 larva
1702 1150 1853 1185 habetur
1879 1152 2041 1186 animalis
2068 1154 2251 1197 cujusdam
2287 1168 2306 1189 8
2333 1158 2385 1190 fa·-

174 1223 270 1255 milia
296 1234 360 1254 seu
388 1234 519 1266 genere
547 1221 873 1255 Salamandrarum.
928 1219 1095 1253 MERREM
1123 1223 1283 1253 nostrum
1317 1218 1714 1263 Hypochthonem,
1760 1220 1825 1252 sub
1852 1220 1994 1252 nomine
2022 1219 2200 1265 Molges
2233 1222 2384 1267 gigan-

173 1293 290 1330 teae,
320 1301 382 1332 pro
410 1290 511 1322 larva
538 1289 644 1323 habet
671 1288 1002 1321 Salamandrae
1030 1287 1280 1331 giganteae
1306 1286 1495 1319 BARTOMI
1525 1288 1630 1330 (quae
1658 1289 1711 1320 est
1738 1285 1828 1320 Sal.
1856 1286 2203 1331 alleghanensis
2237 1292 2384 1324 nonnul·

174 1357 287 1389 lorum
330 1360 533 1398 auctorum,
582 1355 849 1399 Menopoma
899 1354 1248 1398 alleg-hanensis
1291 1353 1474 1395 IIARLAN,
1529 1352 1941 1397 Cryptobranchus
1986 1355 2384 1392 salamandroides

173 1423 418 1465 LEUCKARTi,
455 1428 488 1456 et
514 1424 636 1457 forsan
665 1423 795 1455 aniuml
824 1422 934 1462 idem,
968 1422 1062 1466 quod
1088 1421 1296 1455 Americani
1323 1419 1629 1465 Kattewagoe
1664 1421 1863 1464 adpellant,
1899 1421 1943 1454 de
1963 1433 2032 1466 quo
2066 1424 2230 1458 conferas
2251 1423 2385 1459 Isidem

172 1491 253 1523 anni
284 1490 397 1531 1823,
433 1502 512 1535 pag.
540 1491 626 1532 474)
666 1511 713 1514 —
754 1488 970 1531 Mi'rcnnm,
1013 1489 1048 1521 111
1082 1488 1207 1521 litteris
1242 1488 1287 1521 ad
1321 1497 1368 1521 DE
1403 1487 1642 1521 SCHREmERS
1677 1488 1816 1531 scriptis
1851 1491 1898 1530 (v.
1933 1489 2127 1524 American
2159 1490 2312 1525 Journal
2346 1493 2388 1526 of

171 1559 310 1590 111-181188
331 1558 376 1600 by
393 1557 578 1590 Summam
597 1556 685 1598 vll,
715 1569 746 1600 p.
766 1556 813 1590 68
833 1561 867 1590 et
883 1556 911 1589 F
915 1564 1063 1598 nomer,
1091 1555 1174 1589 Not.
1191 1554 1281 1597 VII,
1308 1567 1341 1600 p.
1360 1553 1459 1598 165),
1486 1566 1533 1588 ex
1554 1554 1743 1598 amphibiis
1771 1556 1981 1590 americanis
2008 1558 2076 1590 tria
2102 1559 2148 1591 ad
2164 1569 2277 1603 genus
2293 1558 2384 1593 Pro-

172 1625 218 1657 tei
246 1626 353 1658 refert
390 1626 425 1661 1)
453 1623 667 1657 Proteum
695 1623 1119 1657 neocaesariensem
1156 1634 1220 1656 seu
1247 1622 1457 1656 Sirenem
1492 1622 1826 1667 operculatam,
1870 1622 1908 1665 2)
1943 1622 2158 1659 Proteum
2185 1626 2383 1671 allegha-

169 1703 349 1725 nensem
386 1703 449 1725 seu
485 1691 724 1725 Tritonem
758 1691 1001 1724 lateralem
1036 1690 1165 1732 SAYH,
1216 1689 1253 1732 3)
1291 1688 1506 1723 Proteum
1539 1689 1715 1723 lacuum
1749 1701 1814 1723 seu
1849 1689 2195 1726 Salamandram
2231 1694 2382 1738 gigan-

167 1764 282 1792 team
309 1759 510 1792 BARTONH.
563 1758 695 1792 Nescio
723 1762 858 1799 autem,
896 1758 1073 1802 quomodo
1102 1761 1226 1790 auctor
1251 1755 1423 1791 Proteum
1451 1756 1752 1800 (Salamandram)
1781 1757 2071 1802 alleghanensem
2098 1763 2133 1792 et
2158 1759 2233 1794 Sal.
2261 1761 2383 1806 gigan-

165 1831 259 1859 team
286 1838 365 1859 cum
381 1825 523 1859 Proteis
551 1826 767 1870 conjungere
794 1826 966 1869 potuerit,
994 1836 1072 1858 cum
1100 1825 1151 1857 illi
1178 1824 1358 1858 branchiis
1385 1824 1543 1858 externis
1571 1828 1709 1866 carent,
1737 1835 1828 1868 quae
1855 1828 1972 1858 tamen
2001 1837 2023 1859 a
2041 1825 2277 1861 MlTCfflLLIO
2304 1829 2382 1873 ipso

167 1894 256 1926 inter
284 1893 508 1927 characteres
536 1894 744 1927 essentiales
773 1893 914 1937 generis
940 1891 1155 1926 Proteorum
1192 1893 1397 1925 referuntur
1423 1911 1470 1915 —
1518 1890 1600 1925 The
1635 1895 1825 1936 proteus
1859 1893 1907 1925 of
1939 1893 2011 1926 the
2047 1893 2381 1929 north-ameri—

167 1972 245 1994 can
275 1961 425 2001 lakes,
463 1971 567 2004 quem
593 1959 789 1993 MlTClllLL
816 1960 852 1992 in
883 1959 1103 1992 Smmmms
1130 1961 1213 1994 Am.
1241 1958 1397 1992 Journal
1423 1957 1490 1999 IV,
1518 1970 1551 2002 p.
1572 1958 1639 1991 181
1669 1962 1704 1991 et
1730 1957 1826 2001 VII,
1854 1959 1953 2003 [1641
1980 1960 2185 2005 descripsit,
2214 1966 2248 1996 et
2273 1963 2381 1996 iconi-

166 2028 233 2061 bus
259 2027 467 2069 illustravit,
502 2028 545 2060 ab
574 2031 719 2060 auctore
747 2027 842 2060 haud
868 2037 932 2070 pro
960 2026 1080 2068 larva,
1108 2026 1172 2059 sed
1198 2037 1262 2069 pro
1290 2025 1433 2059 animali
1459 2026 1636 2069 perfecto,
1671 2025 1838 2068 habetur,
1872 2027 2002 2070 plantis
2027 2028 2225 2074 palmisque
2251 2031 2383 2074 gaudet

164 2094 447 2139 quadridigitatis
476 2094 616 2138 (pollice
645 2094 863 2135 deficiente),
897 2094 1113 2137 naribusque
1141 2093 1290 2136 apertis,
1325 2093 1475 2136 indeque
1502 2092 1598 2126 haud
1633 2093 1677 2126 ad
1704 2097 1864 2126 nostrum
1892 2094 2188 2138 Ilypochthonem
2221 2097 2381 2141 quadrat,

164 2173 184 2196 a
211 2173 279 2207 quo
308 2162 413 2195 etiam
441 2161 559 2206 digitis
592 2161 699 2205 paulo
734 2161 958 2194 brevioribus
993 2165 1028 2194 ct
1055 2160 1314 2202 obtusior-ibus,
1355 2159 1536 2193 branchiis
1571 2160 1813 2203 brevioribus,
1850 2162 1969 2195 colore
1997 2164 2155 2207 eorporis
2182 2164 2379 2208 pallidiore,

164 2229 296 2270 differt,
339 2229 404 2262 sed
430 2229 547 2272 potius
573 2229 696 2262 forsan
724 2228 769 2261 ad
797 2227 1033 2261 Tritonem
1059 2227 1304 2260 lateralem
1331 2226 1460 2268 SAYH,
1498 2227 1542 2260 de
1578 2238 1647 2271 quo
1675 2228 1840 2262 conferas
1867 2228 2000 2262 Isidem
2028 2230 2112 2263 anni
2140 2231 2254 2274 1824,
2296 2243 2376 2277 pag.

163 2296 235 2332 242
263 2296 373 2340 partis
399 2296 588 2329 literariae.
641 2295 672 2328 E
699 2295 874 2329 sententia
900 2295 1083 2328 BAmznsu
1112 2294 1245 2328 Siren
1279 2294 1552 2338 operculata
1579 2298 1613 2327 et
1639 2293 1839 2329 Proteus
1872 2298 2279 2332 neocaesariensis
2306 2300 2378 2332 for·

163 2376 227 2397 san
256 2363 425 2396 Tritones
453 2367 534 2396 sunt
559 2363 715 2395 nondum
744 2362 872 2403 adulti,
907 2360 1108 2395 Proteus
1142 2361 1412 2396 mexicanus
1439 2365 1576 2403 autem,
1614 2361 1751 2395 Siren
1785 2363 2075 2406 pisciformis
2113 2370 2148 2398 et
2183 2365 2378 2400 Axolotl

162 2431 299 2474 species
327 2429 467 2474 generis
494 2428 709 2462 Proteorum
737 2428 835 2471 (Am.
857 2427 985 2462 Journ.
1013 2428 1054 2461 of
1078 2427 1227 2461 Science
1253 2429 1301 2471 by
1327 2427 1514 2461 SlLleuAN
1530 2427 1607 2469 XI,
1636 2439 1667 2471 p.
1688 2428 1761 2462 277
1789 2433 1824 2462 et
1850 2429 1937 2472 293)
1958 2451 2006 2455 —
2041 2430 2232 2465 Caeterum
2258 2438 2376 2467 autem

161 2498 204 2531 lis
232 2498 275 2530 de
303 2497 537 2530 mutabilitate
563 2495 778 2530 Proteorum
805 2495 995 2528 Americac
1023 2495 1057 2527 in
1085 2494 1358 2536 salamandras,
1402 2494 1581 2528 branchiis
1607 2496 1763 2529 externis
1796 2500 1977 2539 carentes,
2015 2498 2131 2532 adhuc
2165 2500 2231 2532 sub
2253 2500 2375 2543 judice

165 2569 229 2598 est.
281 2563 520 2597 Conferantur
546 2574 686 2608 quoque
713 2563 748 2595 in
770 2562 838 2596 hac
864 2574 903 2595 re
930 2562 1064 2596 Siren
1091 2561 1159 2595 ista
1184 2573 1316 2606 magna
1348 2562 1576 2595 ludoviciana
1603 2563 1880 2607 quadrupes,
1922 2565 2024 2608 cujus
2049 2565 2209 2599 BARTON
2238 2567 2274 2600 111
2304 2572 2374 2601 tra-

160 2636 256 2666 ctatu
284 2631 327 2664 de
354 2630 482 2664 Sirene
508 2630 696 2671 lacertina,
735 2641 815 2674 pag.
838 2629 903 2671 28,
938 2628 1152 2662 mentionem
1177 2628 1281 2671 fecit,
1318 2640 1384 2662 1188
1410 2640 1482 2662 11811
1510 2629 1624 2663 altera
1649 2630 2012 2676 subquadrupes,
2055 2643 2161 2678 quam
2186 2632 2374 2677 POCKELS,

160 2699 354 2733 secundum
380 2698 515 2731 litteras
543 2697 587 2730 ad
606 2696 828 2730 Ruscoxmm
857 2699 904 2739 (V.
932 2696 1038 2740 hujus
1058 2695 1217 2730 Amours
1244 2696 1307 2730 des
1334 2695 1603 2739 Salamandres)
1632 2698 1801 2742 scriptas,
1830 2699 2064 2742 examinavit,
2100 2705 2134 2734 et
2161 2712 2252 2745 quae
2272 2702 2373 2735 BAR—

162 2776 243 2807 NES,
286 2766 308 2798 Ι.
337 2777 366 2799 8.
404 2775 484 2809 pag.
505 2750 739 2806 293⁴—297‚
776 2764 819 2797 de
854 2767 981 2797 natura
1008 2763 1218 2797 Sirenarum
1252 2766 1286 2796 et
1312 2761 1527 2797 Proteorum
1555 2765 1855 2808 americanorum,
1899 2777 1932 2810 p.
1957 2766 2170 2802 278-293
2198 2773 2232 2802 et
2258 2767 2371 2812 XIII,

159 2845 191 2877 p.
213 2832 271 2874 66,
308 2833 351 2865 (18
378 2831 563 2875 speciebus
585 2831 710 2864 horum
738 2842 909 2876 generum
936 2835 971 2864 et
997 2833 1230 2875 cognatorum
1257 2830 1418 2874 scripsit,
1445 2831 1506 2865 ubi
1524 2842 1662 2876 quoque
1689 2833 1899 2876 synonymia
1926 2845 2050 2868 earum
2077 2835 2197 2869 critice
2224 2840 2373 2870 tractata

161 2904 195 2933 et
222 2900 412 2932 dilucidata
440 2903 503 2932 est.

309 2966 455 3007 Icones,
491 2976 578 3010 quas
606 2965 740 3007 Sumv,
771 2974 817 2998 DE
845 2964 1061 2998 HUMBOLDT
1088 2967 1123 2997 et
1150 2962 1297 2998 Curam
1323 2964 1346 2998 l.
1367 2976 1396 2998 c.
1425 2965 1621 3008 ediderunt,
1650 2978 1729 3000 cum
1755 2972 1878 3001 nostro
1895 2967 2157 3013 Hypochthone
2183 2971 2272 3003 bene
2288 2981 2369 3003 con-

158 3036 306 3078 gruunt,
339 3033 499 3066 maculae
525 3033 649 3077 nigrae
676 3036 795 3065 autem
820 3032 857 3065 in
882 3036 1004 3065 nostro
1032 3031 1215 3065 individuo
1243 3031 1477 3066 obsoletiores
1503 3038 1602 3075 sunt,
1631 3034 1792 3068 dorsales
1819 3035 1961 3069 omnino
1990 3036 2177 3069 extinctae.
2229 3035 2286 3070 De
2309 3048 2369 3069 na-

159 3100 257 3134 ribus
285 3098 402 3132 SHAW
429 3103 463 3132 et
477 3098 623 3133 Clenn
651 3099 737 3132 1111111
764 3099 901 3140 dicunt,
930 3099 1010 3132 licet
1038 3099 1073 3132 in
1099 3098 1261 3132 iconibus
1288 3099 1451 3133 distincte
1478 3099 1657 3134 exhibitae
1684 3101 1764 3135 sint.
1807 3101 1838 3135 E
1863 3102 2099 3146 descriptione
2121 3102 2367 3137 BARNI-:suNA

160 3166 314 3200 Proteus
341 3166 545 3199 mexicanus
571 3167 716 3199 naribus
734 3167 866 3210 gaudet
884 3166 1024 3209 apertis.
1071 3165 1278 3206 Quaeritur,
1305 3177 1388 3199 num
1415 3165 1483 3200 hoc
1502 3167 1632 3201 animal
1657 3169 1780 3202 forsan
1807 3181 1913 3203 nares
1940 3170 1984 3203 ad
2000 3170 2147 3202 lubitum
2173 3170 2311 3213 aperire
2333 3177 2368 3204 et.

159 3234 324 3267 claudere
351 3232 461 3276 possit
489 3233 552 3271 (uti
579 3231 750 3274 Phocum,
780 3233 930 3277 indeque
958 3233 992 3265 in
1011 3232 1146 3266 museis
1168 3232 1239 3265 alia
1265 3233 1449 3266 individua
1466 3233 1611 3268 naribus
1627 3236 1778 3279 apertis,
1807 3236 1878 3270 alia
1899 3237 2044 3269 naribus
2068 3236 2198 3269 clausis
2214 3237 2365 3282 indeque

156 3300 250 3334 haud
278 3299 494 3344 conspicuis,
523 3298 789 3340 asserventur&
826 3300 870 3332 de
894 3311 962 3343 quo
991 3300 1195 3333 conferatur
1210 3298 1364 3333 BARNES
1385 3300 1407 3333 l.
1425 3312 1454 3334 8.
1482 3312 1562 3345 pag.
1581 3301 1673 3345 297,
1708 3303 1769 3337 ubi
1795 3304 1838 3336 de
1869 3303 2012 3347 organis
2039 3303 2277 3346 respiratoriis
2299 3305 2363 3338 hu-

153 3368 211 3410 jus
239 3367 400 3401 animalis
426 3366 579 3410 loquitur
606 3386 652 3389 —
681 3365 779 3398 Sulci
807 3367 1065 3400 transversales
1091 3367 1274 3409 laterales,
1317 3370 1351 3399 et
1377 3366 1471 3401 linea
1503 3368 1768 3413 longitudinalis
1795 3369 1950 3404 lateralis
1984 3370 2145 3415 utrinque
2178 3371 2362 3415 impressa,

157 3434 191 3465 in
219 3434 319 3467 icone
346 3434 555 3467 SatmeA
582 3433 743 3473 indicati,
778 3433 813 3465 in
840 3438 959 3466 nostro
988 3445 1129 3479 quoque
1159 3433 1444 3477 conspicuuntur.
1506 3434 1625 3469 Crista
1651 3437 1802 3471 dorsalis
1834 3437 1945 3471 iconis
1972 3436 2225 3476 SaAwiAME.
2261 3439 2362 3481 cujus

157 3500 296 3544 quidem
322 3501 357 3533 in
384 3500 619 3544 descriptione
644 3501 741 3533 nulla
767 3500 899 3533 mentio
927 3501 1023 3534 facta
1051 3505 1122 3543 est,
1158 3501 1287 3535 cristae
1321 3502 1433 3535 nostri
1460 3502 1633 3537 individui
1658 3504 1858 3548 respondet.
