2632 3890
1026 133 1071 168 v.
1117 131 1432 169 cHERSINE.
2277 134 2337 176 19

140 245 248 279 sterni
276 246 376 290 apice
402 247 524 280 forsan
551 248 719 288 excepto,
763 243 840 287 qui,
876 244 1070 277 secundum
1097 246 1279 276 auctorem
1304 243 1504 282 laudatum,
1548 240 1583 272 in
1611 239 1656 273 Τ.
1682 241 1840 274 areolata
1866 246 2067 283 truncatus,
2110 241 2146 275 in
2179 241 2224 276 Τ.
2252 253 2341 276 mar-

140 313 261 357 ginata
288 318 405 347 autem
433 312 671 356 emal-ginatus
698 321 777 343 esse
805 311 927 351 debet,
965 322 1044 344 cum
1071 310 1107 343 in
1133 313 1255 342 nostro
1283 309 1508 343 exactissime
1535 307 1627 351 apici
1653 307 1764 340 sterni
1790 307 2065 342 Testudinis
2108 308 2344 342 tabulatae

141 380 264 414 similis
291 381 353 423 sit,
380 391 484 425 quem
510 378 766 412 SCHWEIGGER
792 377 1244 421 truncato-emarginatum
1271 377 1433 419 appellat.
1485 374 1586 409 Ilaec
1613 374 1779 417 analogia
1806 385 1885 406 cum
1906 374 1951 408 T.
1980 376 2138 408 tabulata
2164 387 2206 409 eo
2232 375 2346 420 magis

142 450 266 482 notatu
300 448 408 492 digna
442 449 513 487 est,
562 455 644 478 cum
670 444 845 478 SCHOEFF
880 455 961 489 pag.
988 443 1034 478 55
1072 444 1210 477 adferat
1237 442 1283 476 T.
1311 443 1546 486 marginatam
1582 442 1760 474 interdum
1794 441 1941 473 scutello
1978 443 2164 486 marginali
2197 447 2348 487 angusto

143 515 258 548 antico
286 525 428 555 carere,
470 524 538 557 quo
565 512 687 545 itidem
714 513 759 546 ad
786 512 980 545 tabulatam
1006 511 1151 555 propius
1179 510 1376 543 accederet.
1436 508 1466 542 E
1493 509 1668 542 sententia
1695 507 1829 542 CAUPII
1868 507 1918 551 (in
1943 507 2050 541 Isidis
2078 508 2172 543 1825
2198 510 2287 544 fasc.
2304 509 2349 551 V,

142 593 224 626 pag.
250 579 342 623 589)
386 580 433 615 Τ.
468 580 683 613 areolata
723 582 758 613 et
800 578 1117 621 teti-adactyla
1159 576 1329 621 conjungi
1365 576 1553 617 deberent,
1605 577 1669 610 sed
1702 586 1870 609 numerus
1906 575 2078 619 unguium
2112 575 2148 608 in
2182 578 2351 610 ambabus

144 649 271 682 differt.
313 647 415 682 Idem
437 651 561 681 auctor
586 658 652 681 nos
669 647 805 687 edocet,
832 645 983 690 patriam
1009 645 1115 688 hujus
1142 645 1276 689 speciei
1293 643 1410 687 Caput
1437 644 1551 676 bonae
1579 643 1666 686 spei,
1695 654 1842 686 eamque
1869 641 2119 676 Testudini
2146 643 2353 686 sculptae

144 716 268 750 Smxn
304 716 447 750 affinem
482 726 573 749 esse.
640 714 742 749 Haec
769 713 892 747 Sl’lxn
928 713 1069 746 testudo
1105 724 1127 746 a
1152 716 1275 746 nostra
1310 711 1469 744 areolata
1503 710 1650 742 discedit
1684 710 1832 743 scutello
1865 709 2054 754 marginali
2087 709 2203 742 antico
2230 709 2355 753 impari

145 783 348 825 deficiente,
402 783 511 816 sterni
536 786 637 827 parte
664 781 782 816 antica
814 780 924 815 multo
951 781 1156 825 angustiore
1184 784 1219 813 et
1244 779 1425 823 longiore,
1461 780 1527 810 etc.
1580 776 1660 810 Ilac
1686 777 1794 810 sterni
1818 777 1936 811 forma
1960 779 2084 810 nostra
2110 776 2218 810 etiam
2244 787 2268 809 a
2299 780 2357 810 ta-

143 852 304 885 bulata
337 850 574 895 distinguitur.

756 1232 800 1275 2.
917 1231 1043 1274 CH.
1134 1227 1747 1271 TABULATA.

324 1369 440 1404 Testa
466 1366 656 1416 oblonga;
704 1366 874 1401 scutellis
900 1364 1081 1413 margine
1107 1362 1287 1406 sulcatis,
1332 1373 1430 1397 arca
1451 1362 1673 1409 punctalis,
1719 1357 2004 1408 marginalibus
2021 1360 2082 1395 23.
2133 1360 2185 1394 M.

750 1534 958 1569 Testudo
1000 1533 1210 1566 tabulata
1253 1531 1464 1564 IVALBAUM
1492 1533 1557 1564 ete.

751 1602 960 1636 Testudo
1005 1600 1254 1634 tessellata
1293 1598 1525 1632 ScuNEmEn.

753 1667 981 1702 Chersine
1023 1667 1273 1701 tessellata
1312 1665 1491 1699 Mmmmi.

297 1838 355 1873 De
389 1838 581 1882 specimine
622 1837 734 1871 nostri
768 1837 883 1870 musei
919 1836 967 1869 nil
1003 1836 1118 1869 habeo
1154 1835 1248 1879 quod
1288 1844 1472 1873 moneam,
1531 1843 1610 1866 cum
1647 1832 1692 1865 ad
1727 1830 1983 1875 descriptiones
2018 1834 2202 1863 auctorum
2245 1834 2280 1864 et
2319 1831 2365 1864 ad

149 1908 287 1941 iconem
322 1906 638 1939 SCHOEPFFmix-AM
675 1904 900 1938 exactissime
936 1904 1095 1948 quadret.
1172 1901 1396 1945 Princeps
1439 1901 1490 1933 de
1529 1899 1662 1940 W1ED‚
1705 1898 1740 1931 in
1774 1897 1895 1931 tabula
1918 1897 1973 1931 IV
2006 1897 2169 1931 fasciculi
2198 1896 2251 1939 V,
2295 1897 2365 1931 ico-

149 1986 230 2008 nem
257 1974 438 2018 egregiam
463 1976 576 2006 testae
603 1983 683 2005 cum
709 1972 854 2005 animali
887 1971 1007 2005 edidit.
1079 1970 1194 2004 Testa
1220 1972 1342 2002 nostra
1376 1968 1482 2012 paulo
1517 1967 1632 1999 minor
1666 1968 1737 2007 est,
1788 1965 1970 2009 fundoque
2005 1965 2111 2009 paulo
2147 1964 2366 2007 obscuriore,

150 2053 255 2086 quam
289 2041 351 2074 illa
372 2061 421 2064 —
463 2039 595 2073 Affinis
629 2039 712 2072 huic
739 2042 792 2071 est
825 2038 1030 2072 Testudo
1073 2037 1355 2071 carbonaria
1390 2035 1532 2068 tabulae
1556 2033 1648 2067 XVI
1676 2032 1820 2073 SP1X11‚
1862 2043 1953 2076 quac
1979 2035 2098 2064 autem
2131 2031 2241 2065 sterni
2267 2036 2366 2076 parte

151 2109 268 2142 antica
294 2107 678 2151 emarginatotruncata
711 2105 927 2149 (secundum
953 2105 1093 2139 iconem
1119 2102 1563 2146 subulcisoemarginata),
1614 2104 1714 2144 parte
1747 2099 1884 2143 postica
1917 2098 2043 2131 latiore.
2079 2102 2113 2131 et
2147 2099 2366 2132 obtuse-ex-

151 2179 297 2218 cavata,
348 2175 474 2208 differt.

845 2533 1684 2581 3.GH.GRAEGA.

184 2670 300 2704 Testa
326 2665 748 2707 obomro-orbimdam,
779 2675 882 2712 pone
904 2660 1042 2711 gibba,
1085 2662 1331 2696 scutellarum
1358 2660 1499 2694 areolis
1520 2656 1909 2705 macerato-scabris,
1932 2656 2095 2704 pedilmx
2121 2658 2342 2705 squamosis.

307 2803 498 2837 Individua
525 2802 614 2843 duo,
655 2811 804 2845 quorum
830 2810 957 2840 unum,
1000 2809 1081 2832 cum
1107 2796 1269 2838 animali,
1305 2796 1341 2829 in
1368 2794 1492 2839 spiritu
1519 2793 1592 2827 vini
1620 2797 1863 2835 asservatum,
1908 2804 1954 2826 ex
1980 2792 2086 2825 Italia
2113 2792 2269 2825 adlatum
2297 2795 2369 2833 est3

158 2872 306 2905 alterum
333 2871 484 2910 siccum,
528 2870 659 2912 absque
687 2867 849 2909 animali,
891 2866 1006 2910 patria
1032 2866 1164 2909 ignota.

308 2938 427 2972 Ambo
454 2935 648 2977 simillima,
693 2946 773 2968 cum
799 2933 1097 2979 descriptionibus
1131 2935 1166 2965 et
1193 2931 1417 2964 SCHOEPFFH
1445 2927 1567 2961 tabula
1584 2927 1678 2961 VIII
1706 2926 1931 2961 exactissime
1957 2928 2168 2969 congruunt.
