2534 3890
203 223 267 266 86
1122 220 1493 256 BATRAGHIA.

207 333 293 374 busss,
343 332 444 364 tuber
485 330 589 363 anale
627 334 660 363 et
695 332 830 364 caudae
865 332 959 365 acies
992 331 1106 363 infera
1141 331 1246 364 ssava.
1314 329 1433 364 Pedes
1468 330 1578 374 nigri.
1626 330 1718 364 infra
1754 331 1880 365 atomis
1914 330 2027 364 niveis
2060 329 2259 372 conspersi3
2309 329 2410 374 digiti

208 400 332 432 subtus
359 402 393 430 et
419 397 541 441 apice,
588 408 653 430 nec
679 409 748 431 non
776 399 874 431 callis
901 398 1038 430 (luobus
1066 397 1111 430 ad
1138 397 1294 431 radicem
1321 397 1420 441 digiti
1449 396 1588 430 externi
1613 401 1647 430 et
1674 397 1819 439 interni,
1863 398 2016 432 albicant
2042 416 2089 420 —
2126 395 2277 429 Praeter
2302 395 2406 429 1)Αο-

213 473 359 505 111Ν111Μ,
384 463 443 508 qui
469 464 503 496 in
522 463 613 497 Hist.
642 463 744 508 Rept.
765 464 870 505 vill,
897 475 929 507 p.
947 462 1020 497 235
1046 463 1137 498 hanc
1163 465 1372 498 varietatem
1399 465 1483 509 gula
1509 463 1701 508 nigerrima
1726 463 1900 508 insignem
1922 463 2118 507 descripsit,
2145 463 2262 496 nullus
2288 466 2412 495 auctor

209 531 422 564 mentionem
451 531 528 574 ejus
556 531 651 565 feeit.

355 629 389 665 5.
440 630 626 665 Femina
666 629 918 669 austriaca,
965 641 987 663 a
1012 630 1244 664 szmcssno
1271 632 1392 669 missa,
1420 630 1663 676 magnitudine
1690 636 1826 664 statura
1853 637 1918 664 etc.
1945 630 2118 671 feminae,
2153 630 2218 663 sub
2245 639 2278 662 n.
2298 627 2323 661 4
2348 628 2406 661 110-

210 698 380 741 scriptae,
407 698 614 742 respondet,
643 697 707 729 sed
733 696 847 739 plicae
874 697 1078 741 genitalium
1106 698 1343 731 distinctiores
1370 702 1461 732 sunt.
1515 697 1656 732 Color
1680 708 1833 741 superne
1860 700 1955 730 totus
1980 697 2236 741 nigro-fuscus
2263 698 2334 736 est,
2361 694 2411 727 in-

210 766 424 806 maculatus,
456 765 550 797 linea
576 763 824 807 longitudinali
850 764 983 797 dol-sali
1011 764 1198 805 exalbida,
1232 765 1402 798 lateribus
1429 765 1544 798 trunci
1570 765 1701 808 passim
1734 763 1861 797 atomis
1888 764 1977 796 albis
2002 763 2190 807 perpaucis
2216 761 2413 806 adspersis3

210 832 334 865 subtus
360 835 464 874 eaput
489 832 647 871 fuscum,
682 830 808 864 atomis
835 831 924 864 albis
951 831 1177 875 adspersum,
1222 835 1345 875 pectus
1373 836 1407 865 ct
1441 833 1616 865 abdomen
1642 831 1790 864 maculis
1816 831 1927 875 nigris
1953 830 2147 873 majoribus
2175 833 2210 862 et
2235 830 2411 862 confluen-

212 898 322 939 tibus,
357 898 407 930 ita
432 901 471 930 ut
496 897 613 941 potius
639 896 741 941 nigra
767 897 855 939 sint,
889 898 1038 931 maculis
1063 898 1319 942 irregularibus
1347 899 1582 941 albo-ssavis,
1615 898 1748 943 passim
1774 897 2050 939 confluentibus,
2085 895 2287 941 variegata,
2314 896 2416 929 tuber

211 965 313 997 anale
340 964 490 1005 ssavum,
525 964 620 998 acies
646 965 801 1006 caudae,
834 975 899 1008 per
924 968 1033 997 totam
1060 965 1333 1010 longitudinem,
1371 966 1590 1000 aurantiaca.

357 1064 392 1097 6.
444 1064 694 1098 Individua
720 1065 809 1098 tria
831 1065 1019 1108 juniora
1045 1085 1092 1089 —
1127 1065 1391 1111 Longitudo
1429 1071 1503 1100 tota
1529 1065 1684 1110 (ἐξ-4
1709 1066 1886 1110 pollicum.
1939 1064 2195 1107 Verrucae,
2224 1062 2356 1107 color
2382 1061 2417 1094 in

213 1143 343 1175 supera
369 1132 528 1176 eorporis
555 1137 655 1176 parte
692 1136 726 1165 et
753 1132 787 1165 in
814 1132 1002 1174 lateribus,
1037 1134 1185 1167 maculis
1211 1134 1321 1178 nigris
1349 1138 1381 1167 et
1409 1134 1546 1177 punctis
1574 1133 1682 1176 albis,
1710 1133 1801 1166 sicut
1827 1133 1862 1166 in
1889 1132 2122 1166 varietatibus
2150 1132 2168 1165 1
2198 1130 2288 1164 012.
2339 1127 2417 1162 Ma-

211 1199 374 1232 xillaruni
401 1199 655 1243 appendice
688 1199 874 1244 marginali
901 1200 1008 1233 nulla.
1067 1199 1239 1234 Subtus
1267 1205 1371 1245 caput
1398 1201 1527 1235 atomis
1555 1201 1646 1234 albis
1674 1200 1759 1234 rufis
1787 1204 1821 1234 et
1845 1200 1956 1234 fuscis
1983 1199 2191 1240 ii·r0ratum;
2234 1200 2357 1241 pectus
2384 1200 2419 1229 et

212 1267 389 1299 abdomen
414 1267 528 1308 ssava,
573 1267 720 1300 maculis
747 1267 879 1311 nigris,
920 1278 1011 1311 quac
1038 1270 1157 1300 autem
1183 1268 1217 1301 in
1245 1269 1432 1302 abdomine
1459 1279 1541 1302 eum
1568 1269 1687 1302 colore
1713 1269 1816 1313 nigro
1842 1268 1994 1301 laterum
2020 1266 2211 1300 confluunt.
2262 1263 2305 1297 In
2331 1262 2419 1296 indi-

210 1334 316 1367 viduo
343 1334 478 1377 majore
505 1334 608 1366 tuber
633 1334 735 1367 anale
763 1337 797 1367 et
823 1334 939 1367 cauda
964 1337 1039 1367 tota
1066 1338 1148 1368 sunt
1173 1335 1329 1379 plumbei
1356 1336 1504 1377 coloris,
1544 1347 1657 1380 parva
1682 1336 1822 1369 macula
1847 1335 1942 1368 flava
1975 1344 2067 1378 ponc
2094 1333 2221 1366 rimam
2247 1333 2417 1374 excepta3

212 1401 246 1433 in
273 1401 467 1434 minoribus
496 1402 599 1434 tuber
624 1402 728 1434 anale
755 1405 789 1434 et
816 1401 911 1434 acies
937 1401 1076 1435 inferna
1105 1403 1241 1436 caudae
1267 1406 1341 1436 tota
1367 1404 1462 1436 flava
1488 1406 1580 1437 sunt.
1633 1402 1808 1437 Omnibus
1835 1405 1889 1435 est
1925 1402 2058 1435 tuber
2100 1400 2236 1433 11111110
2271 1397 2417 1443 papillo-

213 1480 457 1513 so-rugosum
485 1472 518 1501 01
545 1468 665 1513 plica
691 1468 940 1502 transversalis
968 1470 1086 1513 gulae.
1140 1468 1323 1503 Cristae
1358 1470 1558 1504 dorsalis
1591 1470 1802 1515 vestigium,
1839 1480 1906 1503 ceu
1930 1468 2026 1502 linea
2053 1468 2208 1508 elevata,
2242 1477 2305 1510 per
2331 1464 2418 1499 indi-

211 1536 308 1568 vidui
336 1535 480 1578 majoris
515 1536 660 1569 dorsum
694 1536 868 1579 decurrit3
908 1536 943 1569 in
977 1537 1172 1570 minoribus
1204 1537 1299 1570 linea
1331 1537 1504 1581 impressa
1537 1542 1715 1571 castanea.
1777 1535 1936 1570 Gauda
1968 1535 2132 1569 omnibus
2165 1544 2315 1578 anceps,
2354 1543 2421 1565 nec

211 1614 298 1636 vero
332 1603 478 1636 cristata
509 1622 556 1627 —
597 1602 664 1637 His
705 1603 957 1648 speciminibus
999 1603 1302 1639 salamandra
1340 1604 1555 1649 pruinata
1593 1604 1828 1639 Seimmnnm
1862 1603 2025 1639 omnibus
2064 1602 2158 1637 notis
2199 1604 2324 1636 exacte
2364 1610 2419 1633 re-

210 1669 370 1714 spondet.

355 1771 390 1804 7.
443 1769 501 1804 Ex
534 1770 685 1804 Austria
716 1771 901 1805 individua
933 1772 1104 1805 nonnulla
1139 1772 1280 1817 accepi,
1335 1772 1487 1818 capite
1531 1783 1727 1817 superne
1772 1771 2000 1806 maculato
2046 1781 2068 1804 a
2099 1769 2229 1804 nostris
2263 1767 2416 1802 diversa.

207 1837 323 1871 Unum
351 1841 404 1871 est
429 1838 580 1880 femina,
607 1838 748 1872 feminis
775 1839 905 1872 nostris
932 1839 1096 1873 maximis
1123 1844 1303 1873 caeterum
1330 1840 1569 1885 respondens;
1604 1851 1757 1884 superne
1783 1839 2116 1884 purpureo—fusca,
2142 1837 2274 1881 ubique
2301 1836 2417 1879 nigro-

206 1906 402 1941 maculata.
436 1905 584 1938 maculis
611 1906 736 1949 capitis
762 1906 958 1940 minoribus
985 1910 1020 1939 et
1046 1908 1317 1942 confertioribus
1343 1919 1449 1952 quani
1475 1908 1509 1940 in
1535 1907 1672 1951 reliquo
1701 1918 1868 1950 corpore,
1896 1906 2002 1939 dorso
2030 1904 2127 1938 liaud
2152 1904 2316 1944 cristato,
2353 1902 2417 1935 sed

207 1973 297 2004 linea
326 1973 572 2015 longitudinali
598 1973 762 2006 mediana
789 1973 982 2014 albicante,
1025 1985 1045 2006 a
1073 1974 1212 2007 cervice
1240 1975 1285 2008 ad
1311 1975 1413 2008 basin
1447 1975 1584 2008 caudae
1610 1985 1741 2018 usque,
1779 1974 1840 2007 ubi
1867 1973 1974 2006 erista
2000 1972 2158 2006 caudalis
2185 1971 2315 2012 oritur,
2358 1969 2432 2014 de-¹

205 2042 390 2081 eui·rente;
430 2040 600 2072 lateribus
627 2040 741 2073 trunci
768 2044 801 2073 et
828 2044 928 2083 parte
955 2040 1070 2073 infera
1096 2041 1220 2084 capitis
1247 2042 1350 2075 fusca
1376 2042 1513 2085 punctis
1541 2042 1674 2075 crebris
1702 2040 1790 2074 albis
1818 2040 2015 2084 adspersis3
2060 2043 2203 2083 pectore
2230 2036 2418 2071 abdomine

208 2110 241 2139 et
269 2106 384 2139 infera
409 2107 539 2149 pedum
565 2110 667 2150 parte
693 2107 798 2140 ssavis
823 2107 1157 2151 nigro-maculatis.
1209 2107 1293 2142 Duo
1321 2109 1434 2141 altera
1459 2108 1566 2152 hujus
1592 2108 1776 2142 varietatis
1803 2107 2003 2149 individua,
2037 2105 2228 2140 individuis
2252 2103 2418 2138 maximis

204 2173 355 2206 marium
376 2173 560 2216 juniorum
585 2178 805 2215 nostrorum,
835 2173 912 2217 jani
938 2174 1212 2218 descriptorum,
1239 2176 1509 2219 respondentia,
1538 2177 1658 2210 colore
1686 2181 1804 2210 tamen
1831 2175 2012 2209 differunt:
2059 2173 2205 2218 Caput
2238 2176 2291 2206 est
2317 2170 2416 2205 ssavi-

208 2252 311 2281 cans,
354 2252 507 2284 superne
535 2252 615 2274 cum
641 2241 847 2285 ferrugineo
874 2241 1042 2284 mixtum,
1089 2242 1219 2287 ubique
1247 2247 1383 2284 autem,
1427 2248 1498 2276 tam
1525 2255 1677 2287 superne
1705 2255 1811 2288 quani
1838 2243 1976 2276 inferne
2003 2246 2038 2275 01
2065 2242 2109 2275 ad
2137 2242 2267 2281 latera,
2300 2238 2417 2282 nigro-

206 2308 440 2349 maeulatum,
486 2308 635 2341 maculis
668 2309 874 2341 lateralibus
909 2312 943 2341 et
977 2309 1101 2342 inferis
1127 2310 1322 2343 minoribus
1357 2311 1542 2355 magisque
1569 2311 1827 2344 confluentibus
1853 2321 1958 2354 quam
1984 2320 2144 2353 superae.
2207 2306 2418 2341 Truncus

207 2386 359 2419 superne
386 2375 735 2419 nigro-purpureus,
762 2375 1105 2419 nigro-maculatus,
1133 2377 1282 2410 maculis
1298 2377 1493 2419 majoribus
1521 2381 1555 2410 et
1581 2378 1697 2410 minus
1723 2377 1892 2410 confertis
1909 2388 2015 2421 quam
2040 2376 2201 2410 maculae
2226 2374 2262 2407 in
2288 2383 2418 2416 supera

206 2446 303 2485 parte
331 2442 474 2485 capitis3
516 2442 655 2475 inferne
683 2442 820 2475 albidus
848 2445 909 2475 aut
935 2442 1162 2475 aurantiacus
1189 2443 1546 2487 nigro-maculatus„
1583 2442 1732 2477 Pedes
1765 2454 1917 2488 superne
1943 2440 2272 2486 fusco-ferruginei
2297 2440 2415 2484 nigro-

205 2509 381 2549 maculati‚
410 2512 448 2541 ut.
475 2509 619 2542 dorsum
646 2509 779 2551 trunci3
817 2509 941 2542 subtus
968 2509 1175 2550 aun-antinoi,
1203 2510 1331 2554 postici
1357 2511 1505 2544 maculis
1531 2511 1709 2544 nonnullis
1735 2511 1857 2555 nigris.
1911 2509 2067 2544 Gauda
2093 2510 2414 2553 nigro—purpurea,

207 2576 342 2618 apicem
370 2587 495 2608 versus
522 2576 653 2608 sensim
680 2576 1078 2618 sordide-aurantiaca,
1107 2578 1232 2610 subtus
1257 2577 1398 2611 macula
1424 2589 1554 2622 magna
1578 2578 1675 2612 flava
1700 2589 1792 2622 pone
1819 2578 1922 2611 tuber
1948 2577 2051 2611 anale
2077 2576 2216 2621 nigrum
2244 2578 2366 2608 totuin.

355 2675 389 2708 8.
444 2675 607 2709 Tandem
644 2676 758 2710 adbuc
795 2677 1143 2710 commemorandum
1178 2681 1233 2711 est
1265 2677 1504 2720 individuum,
1549 2678 1640 2712 inter
1666 2679 1737 2712 alia
1770 2690 1816 2712 ex
1842 2678 1992 2712 Austria
2016 2677 2184 2717 missum,
2225 2686 2247 2708 a
2272 2673 2416 2719 reliquis

206 2743 309 2786 liujus
336 2743 468 2786 speciei
495 2743 703 2785 individuis,
740 2747 811 2776 tam
838 2744 1041 2777 masculinis
1068 2755 1173 2788 quam
1199 2744 1398 2787 femininis,
1435 2746 1578 2779 cauda
1604 2746 1796 2789 pedibus
1831 2745 2083 2790 digitisque
2110 2741 2414 2782 brevioribus,

206 2811 490 2854 maculisque
525 2810 781 2844 abdominis
815 2811 1026 2854 pluribus
1064 2814 1105 2843 et
1137 2811 1412 2854 minoribus,
1448 2812 1654 2854 discedens,
1689 2813 1878 2856 praecipue
1904 2812 2054 2856 pedibus
2081 2810 2243 2855 posticis,
2279 2819 2416 2842 eorum-

205 2889 273 2921 que
301 2877 439 2921 digitis,
476 2878 719 2910 brevioribus:
759 2877 910 2921 Corpus,
938 2878 983 2912 ad
1011 2889 1116 2911 anum
1143 2889 1276 2923 usque,
1312 2879 1357 2913 21
1376 2879 1489 2912 lineas
1516 2880 1696 2925 longum
1724 2883 1795 2919 051,
1831 2880 1946 2913 cauda
1974 2878 2038 2921 15,
2072 2878 2182 2922 pedes
2209 2875 2333 2917 antici,
2371 2875 2416 2908 ad

211 2944 310 2976 basin
338 2945 526 2988 digitorum
553 2945 749 2977 mediorum
778 2956 908 2989 usque,
946 2945 1007 2985 43,
1036 2945 1166 2989 digitus
1193 2945 1420 2989 longissimus
1446 2947 1524 2980 fere
1550 2947 1592 2989 2,
1622 2948 1730 2990 pedes
1757 2947 1901 2990 postici,
1929 2947 1975 2980 ad
1999 2946 2101 2980 basin
2128 2944 2315 2990 digitorum
2342 2953 2413 2975 me-

211 3010 347 3043 diorum
374 3023 505 3056 usque,
532 3013 609 3044 fere
638 3011 670 3053 5,
700 3012 829 3055 digitus
857 3012 1083 3055 longissimus
1110 3013 1157 3052 2÷
1178 3013 1300 3046 lineas.
1354 3011 1414 3047 Ga
1423 3025 1444 3057 p
1454 3018 1500 3047 ut
1526 3015 1685 3058 margine
1712 3015 1879 3048 maxillae
1905 3013 2110 3058 superioris,
2138 3015 2220 3045 ante
2246 3008 2413 3053 angulum

210 3076 329 3114 rietus,
358 3078 509 3119 deflexo,
537 3079 627 3112 sicut
653 3079 844 3112 individuis
871 3080 999 3112 adultis
1026 3080 1157 3113 nostris
1183 3078 1325 3124 Molges
1351 3081 1528 3123 palustris.
1581 3081 1794 3115 Truncus
1829 3085 1923 3114 totus
1950 3084 1985 3114 et
2010 3080 2146 3124 pedes
2171 3077 2320 3121 ubique,
2355 3087 2412 3109 su-

211 3154 320 3186 perne
348 3147 380 3175 et
408 3145 563 3186 inferne,
599 3145 760 3178 distincte
787 3147 969 3190 granulosi
995 3150 1093 3188 sunt,
1121 3147 1228 3179 dorso
1255 3147 1369 3180 trunci
1394 3147 1490 3181 haud
1517 3148 1679 3190 cristato,
1706 3149 1771 3182 sed
1797 3148 2043 3181 canaliculato,
2095 3143 2250 3179 Gauda
2284 3153 2414 3186 anceps

212 3210 666 3254 lanceolato-compressa,
709 3213 891 3246 altitudine
925 3214 1030 3247 trium
1064 3214 1237 3246 linearum
1265 3213 1301 3246 in
1326 3214 1462 3256 medio,
1507 3215 1675 3249 lateribus
1709 3215 1928 3259 granulosis,
1970 3211 2127 3258 granuHs
2163 3215 2280 3244 tamen
2307 3210 2413 3253 paulo

211 3277 407 3310 minoribus
434 3288 539 3321 quam
565 3278 601 3309 in
627 3282 762 3311 trunco.
825 3278 969 3313 Color
1005 3292 1112 3324 supra
1145 3280 1462 3322 fusco-cinereus,
1500 3281 1594 3314 linea
1627 3283 1760 3316 dorsali
1795 3282 1937 3315 sordide
1970 3276 2413 3321 ssavicante-ferrugineo-

210 3354 277 3386 que
306 3344 504 3377 alternatim
531 3345 718 3381 maculata,
746 3346 894 3387 pedibus
922 3348 1082 3390 posticis,
1110 3358 1303 3392 eorumque
1329 3347 1460 3391 digitis,
1488 3349 1748 3383 obsoletissime
1774 3345 2112 3393 nigro-maculatis3
2147 3345 2271 3379 subtus
2297 3342 2412 3386 capite

209 3411 350 3443 sordide
376 3412 599 3455 ferrugineo,
629 3412 963 3455 albido-punetato.
990 3418 1134 3457 pectore
1161 3418 1195 3447 et
1222 3414 1409 3447 abdomine
1436 3416 1555 3453 ssavis,
1590 3414 1924 3461 nigro-maculatis,
1952 3412 2100 3446 maculis
2126 3411 2161 3445 in
2187 3410 2300 3445 series
2325 3420 2410 3453 qua-

210 3479 290 3508 tuor
315 3477 587 3521 longitudinales
621 3479 886 3522 subdispositis,
932 3481 1082 3523 pedibus
1110 3485 1140 3514 et
1178 3481 1254 3515 acie
1280 3481 1394 3514 infera
1421 3483 1556 3516 caudae
1591 3484 1674 3517 totis
1700 3483 1801 3516 ssavis
1838 3480 2072 3515 immaculatis
2098 3499 2143 3504 ——
2186 3477 2246 3512 An
2273 3475 2409 3521 species

213 3543 398 3584 peculiaris
408 3544 421 3576 ἶ
