2632 3890
265 117 322 159 12
375 128 378 132 ι
1208 106 1514 142 CHELONII.

259 226 372 260 antice
400 227 597 258 truncatum
623 224 684 254 aut
709 220 1129 253 rotundato-truncatum
1155 219 1226 257 est,
1254 216 1358 260 quale
1385 216 1644 250 SCHWEIGGER
1670 220 1827 251 sternum
1853 227 2054 261 europaeae
2080 216 2274 261 descripsit.
2329 217 2460 254 Colore

258 293 348 327 scuti
375 291 524 325 dorsalis
552 289 640 321 haec
665 287 824 320 varietas
852 286 1013 330 congruit
1040 295 1119 318 cum
1145 283 1309 327 reliquis,
1361 283 1503 317 lineolis
1528 283 1633 316 ssavis
1660 287 1814 317 attamen
1841 284 2126 318 obsoletioribus.
2155 304 2202 308 —
2257 283 2460 321 Varietate-s

256 365 348 393 totas
382 358 501 400 nigras
536 356 691 388 nondum
725 355 816 396 vidi3
868 354 1083 386 Bscnsrssla'
1116 353 1271 383 attamen
1314 362 1376 384 eas
1418 354 1671 384 commemorat
1711 350 1746 383 in
1786 351 2025 384 translationis
2060 351 2177 395 operis
2211 349 2461 396 Lacepedeani

257 426 373 459 Tomo
394 424 428 459 1,
457 434 537 466 pag.
557 422 647 465 1453
673 422 873 456 Licssvssmz
901 421 993 463 ipse,
1021 418 1057 450 in
1084 418 1320 462 descriptione
1346 418 1452 461 hujus
1478 417 1628 462 speciei,
1655 417 1872 461 picturarum
1896 418 2071 452 ssavarum
2097 419 2229 452 nullam
2254 419 2341 453 facit
2365 431 2461 454 men-

256 493 396 525 tionem.

405 557 499 591 Num
527 556 561 590 Τ
573 556 734 589 estudo
763 553 949 596 caspica
977 550 1163 594 GMELINJ,
1198 563 1303 597 quam
1328 549 1498 585 MERREM
1526 563 1605 585 cum
1632 552 1698 585 hac
1724 551 1843 595 speeie
1866 552 2003 595 jungit,
2046 551 2115 585 huc
2142 557 2297 596 spectet,
2340 554 2460 587 admo-

254 627 336 659 dum
363 625 495 658 dubito.
539 623 776 661 Scnmnnn,
806 621 839 652 in
868 620 985 663 operis
1013 620 1067 652 sui
1095 630 1175 663 pag.
1195 618 1287 660 344,
1315 620 1449 663 recepit:
1476 619 1553 662 ejus
1581 619 1871 662 descriptionem,
1899 629 1989 662 quae
2015 619 2157 663 quidem
2183 624 2238 653 sat
2265 620 2354 654 bene
2382 632 2461 654 cum

255 693 378 726 Test.
409 702 579 734 europa
592 702 640 722 ea
668 687 849 731 congruit,
879 687 943 720 sed
971 687 1114 731 easpica
1141 697 1357 729 europaeam
1383 686 1626 730 magnitudine
1653 686 1832 719 multoties
1859 689 2022 729 superat3
2056 686 2209 719 refertur
2237 687 2347 729 enim,
2383 699 2461 722 scu-

252 765 325 793 tum
362 759 502 792 dorsale
537 757 621 789 satis
650 766 815 799 magnum
843 766 941 796 esse,
994 758 1032 787 ut
1059 755 1176 797 plures
1205 753 1366 786 homines
1393 754 1427 785 in
1455 765 1497 786 eo
1525 757 1621 786 stare
1648 756 1811 797 possent,
1865 763 1945 786 cum
1971 753 2096 797 quibus
2124 753 2253 786 animal
2281 755 2461 788 ambulare

252 832 365 871 queat.
418 824 488 858 vix
517 823 643 863 credo,
673 834 794 855 veram
822 832 1036 865 europaeam
1064 832 1128 854 seu
1155 821 1320 853 lutariam
1348 821 1477 854 alicubi
1504 820 1566 853 tali
1591 820 1834 864 magnitudine
1860 819 2022 853 inveniri.

402 891 457 925 De
486 892 524 923 la
553 889 730 923 Tortue
758 889 871 922 rond
883 901 901 921 e
928 888 1143 921 LACEPEDEI
1172 887 1345 929 DAUmN,
1382 899 1462 932 pag.
1493 888 1583 930 111,
1620 891 1759 930 censet,
1795 899 1874 920 eam
1901 899 1980 920 esse
2007 887 2228 921 individuum
2249 888 2371 932 junius
2399 889 2461 923 hu-

246 961 305 1003 jus
333 959 483 1003 speciei,
512 957 669 991 scutellis
697 956 950 1000 marginalibus
977 955 1044 998 233
1072 955 1235 988 existimo
1264 959 1402 996 autem,
1438 955 1529 988 hane
1556 955 1767 988 sententiam
1793 955 1897 988 nimis
1924 958 2056 987 temere
2083 956 2344 998 pronuntiatam
2371 968 2461 998 esse,

249 1032 499 1070 atu-toremque
527 1025 743 1068 argumentis
770 1024 928 1067 pluribus
957 1027 1060 1066 atque
1087 1022 1314 1055 solidioribus
1342 1023 1388 1055 ad
1415 1034 1495 1055 eam
1521 1023 1788 1055 sustentandam
1817 1033 1934 1066 egere.
1967 1043 2014 1046 —
2057 1021 2159 1055 Idem
2186 1023 2292 1056 etiam
2318 1035 2461 1057 monen-

250 1095 332 1127 dum
352 1099 402 1126 est
431 1094 474 1125 de
502 1092 677 1125 testndine
706 1091 835 1131 altera,
864 1101 968 1134 quam
995 1089 1149 1123 DAUDIN
1178 1101 1257 1133 pag.
1288 1089 1356 1122 121
1386 1101 1449 1133 pro
1478 1090 1648 1123 varietate
1676 1090 1825 1122 lutariae
1853 1089 1977 1130 habet.
2006 1101 2027 1122 a
2053 1100 2122 1133 qua
2148 1094 2267 1123 tamen
2292 1091 2462 1134 imprimis

249 1173 394 1194 munero
423 1160 557 1202 majore
585 1170 649 1191 nec
677 1170 746 1191 non
774 1158 982 1190 enormitate
1010 1161 1044 1190 et
1071 1157 1201 1190 suturis
1229 1157 1342 1200 magis
1371 1157 1565 1190 obliteratis
1593 1157 1823 1190 scutellorum
1851 1157 2042 1189 dorsalium
2070 1157 2175 1189 valde
2202 1158 2347 1191 recedit.

400 1226 534 1259 (lmnes
563 1230 725 1258 auctores
753 1236 795 1257 eo
824 1228 1040 1268 congruunt,
1071 1223 1260 1257 Testudini
1287 1224 1436 1256 lutariae
1464 1228 1498 1257 et
1526 1236 1726 1267 europaeae
1754 1224 1952 1257 scutella
1978 1224 2254 1267 marginalia
2280 1223 2327 1259 25
2363 1237 2461 1268 esse3

250 1295 370 1328 nullibi
406 1299 525 1327 autem
551 1293 732 1326 varietatis
760 1292 917 1325 scutellis
945 1291 1200 1335 marginalibus
1228 1290 1276 1324 24
1302 1292 1432 1323 mentio
1463 1291 1507 1324 fit.
1587 1291 1629 1324 In
1659 1292 1892 1324 Sena-limma
1921 1302 2028 1334 opere
2055 1291 2215 1335 quidem,
2267 1303 2347 1336 pag.
2376 1292 2460 1335 338,

248 1361 449 1394 Mefitim-:ai
481 1360 642 1394 Testudo
671 1359 799 1392 lutaria
826 1359 970 1399 citatur,
999 1359 1155 1391 scutellis
1184 1359 1438 1402 marginalibus
1462 1358 1528 1400 223,
1557 1359 1620 1391 sed
1647 1359 1783 1402 reliqua
1809 1359 1921 1391 verba
1948 1358 2194 1402 descriptionis
2221 1357 2327 1402 hujus
2353 1363 2460 1394 testu-

248 1429 338 1461 dinis
367 1429 532 1471 probant,
562 1439 640 1460 eam
668 1427 711 1460 ad
740 1427 846 1459 aliam
872 1426 1045 1470 speciem,
1074 1437 1139 1458 nec
1167 1437 1252 1458 vero
1281 1426 1324 1458 ad
1353 1431 1527 1465 nostram,
1565 1429 1738 1469 spectare.
1800 1425 1971 1458 Attamen
2005 1437 2126 1458 coram
2152 1426 2267 1460 habeo
2295 1427 2384 1460 duas
2411 1431 2460 1461 te.-

247 1500 320 1529 stas
347 1496 521 1539 integras,
557 1495 707 1527 caeteris
734 1497 846 1526 testae
874 1493 1083 1526 Testudinis
1111 1493 1259 1525 lutariae
1287 1493 1438 1534 similes,
1474 1493 1538 1526 sed
1564 1493 1783 1526 scutellis
1818 1492 2156 1536 marginalibus
2183 1493 2232 1528 24
2265 1494 2459 1537 distinctas,

246 1574 333 1607 quas
360 1562 415 1594 hie
444 1563 660 1595 describam:
700 1561 734 1596 1)
763 1561 949 1593 Seutum
977 1560 1184 1601 dorsale,
1219 1560 1438 1604 longitudine
1467 1558 1533 1603 52,
1569 1560 1753 1593 latitudine
1781 1559 1828 1602 4}
1857 1560 2044 1603 pollicum,
2080 1561 2225 1604 propius
2252 1562 2389 1595 accedit
2415 1563 2460 1596 ad

245 1631 396 1662 formam
424 1629 660 1661 orbirularem
688 1628 862 1671 genuinae
890 1627 991 1660 Test.
1021 1627 1180 1660 lutariae.
1234 1626 1308 1660 Sed
1336 1631 1499 1660 auctores
1527 1630 1708 1668 asserunt,
1738 1627 1829 1660 hauc
1854 1627 2006 1660 formam
2033 1627 2067 1660 in
2095 1628 2224 1661 lutaria
2250 1629 2459 1663 variabilem

247 1708 336 1729 esse.
415 1696 612 1728 Scutellum
647 1695 840 1739 marginale
876 1694 1029 1727 anticum
1064 1705 1213 1738 parvum
1249 1695 1361 1738 impar
1387 1693 1469 1728 huie
1497 1695 1615 1737 deest3
1667 1698 1853 1738 praeterea
1880 1694 1985 1727 etiam
2013 1695 2082 1727 duo
2111 1695 2227 1729 antica
2253 1697 2458 1740 angustiora

245 1768 327 1796 sunt
354 1764 492 1795 duobus
520 1763 588 1795 illis
614 1762 910 1805 respondentibus
939 1761 1114 1805 genuinae
1141 1761 1242 1795 Test.
1271 1761 1439 1804 lutariae,
1494 1762 1684 1805 angulique
1720 1773 1841 1794 eorum
1876 1761 1982 1794 antici
2010 1762 2206 1795 exteriores
2234 1764 2353 1797 obtusi
2378 1768 2458 1797 sunt

245 1836 276 1863 et
307 1830 496 1863 rotundati.
524 1830 584 1865 ita,
612 1833 649 1862 ut
676 1829 853 1873 margines
881 1829 986 1862 antici
1015 1832 1049 1861 et
1076 1829 1241 1861 laterales
1269 1830 1453 1861 amborum
1481 1829 1709 1861 scutellorum
1726 1840 1846 1861 arcum
1865 1828 2066 1870 exhibeant,
2096 1834 2255 1863 centrum
2281 1831 2460 1865 sulcorum

246 1902 364 1930 autem
399 1897 434 1929 in
469 1897 600 1940 angulo
636 1896 751 1929 antico
780 1896 946 1929 interiore
981 1896 1087 1929 situm
1114 1899 1186 1937 est,
1223 1907 1303 1928 cum
1338 1896 1373 1928 in
1408 1896 1562 1940 genuina
1590 1896 1708 1939 specie
1735 1895 1856 1939 anguli
1883 1896 1990 1929 antici
2017 1896 2111 1929 acuti
2139 1901 2334 1942 exacteque
2360 1900 2458 1941 recti,

244 1976 366 2008 margo
395 1965 531 1997 anticus
559 1968 679 1996 autem
705 1963 908 1996 rectilineus
936 1966 970 1995 et
997 1967 1156 1996 centrum
1183 1963 1363 1996 sulcorum
1389 1963 1425 1995 in
1453 1963 1584 2007 angulo
1612 1963 1728 1995 antico
1757 1963 1934 1995 exteriore
1962 1964 2069 1996 situm
2096 1964 2151 1997 sit.
2194 1964 2354 1999 Scutella
2379 1978 2458 1999 ver-

245 2032 412 2065 tebralia.
466 2031 655 2074 praecipue
683 2034 801 2063 autem
827 2030 977 2073 primum
1013 2041 1155 2070 eorum,
1209 2030 1415 2073 angustiora
1442 2033 1522 2063 sunt
1549 2041 1654 2073 quam
1680 2030 1715 2062 in
1741 2030 1859 2073 specie
1887 2031 2050 2074 genuina.
2112 2029 2303 2066 Caeterum
2330 2038 2459 2076 autem,

246 2099 364 2131 colore
393 2102 427 2131 et
454 2099 609 2142 pictura,
653 2097 779 2137 sulcis,
823 2108 887 2129 nec
915 2108 985 2129 non
1012 2097 1239 2129 scutellorum
1266 2097 1519 2131 vertebralium
1546 2097 1675 2130 carinis
1703 2097 1881 2140 depressis
1909 2098 2124 2139 obliteratis,
2177 2099 2267 2133 haec
2293 2112 2374 2134 cum
2400 2101 2461 2134 illa

245 2166 418 2210 congruit.
480 2165 697 2198 Stet-num
723 2168 842 2197 sterno
871 2163 1021 2197 Testud.
1050 2164 1200 2196 lutariae
1228 2164 1342 2197 simile
1370 2168 1441 2205 est,
1476 2168 1548 2197 tam
1574 2164 1692 2197 forma
1717 2157 1822 2208 quam
1849 2165 1988 2207 colore,
2017 2165 2162 2208 picturis
2189 2166 2293 2200 luteis
2321 2172 2382 2201 aut
2407 2169 2458 2202 lu—

247 2233 395 2266 teoalbis
424 2243 502 2264 cnm
530 2231 639 2274 nigris
667 2231 898 2263 subradiatim
926 2231 1105 2273 dispositis
1140 2231 1414 2272 alternantibus,
1443 2242 1489 2264 ex
1516 2231 1648 2274 angulo
1683 2231 1852 2264 inferiore
1879 2232 2058 2265 exteriore
2085 2233 2313 2267 scutellorum
2340 2235 2458 2279 singu-

246 2300 364 2332 lorum
390 2298 713 2342 proficiscentibus,
741 2297 874 2340 passim
901 2297 1177 2338 confluentibus,
1231 2297 1267 2329 in
1293 2297 1410 2330 medio
1438 2298 1547 2330 sterni
1574 2300 1729 2330 attamen
1757 2298 1877 2330 colore
1904 2298 2006 2341 nigro
2034 2300 2281 2343 praevalente3
2333 2303 2397 2336 sed
2423 2303 2459 2336 in

248 2366 410 2410 genuinis
438 2364 687 2409 speciminibus
713 2364 870 2407 picturae
897 2361 1012 2396 flavae
1040 2364 1181 2407 saepius
1210 2364 1391 2396 obsoletae
1419 2375 1498 2397 csse
1525 2365 1658 2405 solent,
1686 2375 1751 2398 nec
1777 2364 1813 2397 in
1840 2364 1941 2397 icone
1971 2365 2204 2408 SVOLFIANA,
2231 2379 2297 2401 nec
2324 2369 2359 2401 in
2386 2370 2457 2403 ulla

250 2433 318 2465 alia
346 2432 581 2475 descriptione
609 2431 838 2470 exhibentur,
867 2430 903 2463 in
930 2430 1017 2464 meis
1045 2431 1293 2474 speciminibus
1321 2435 1439 2463 autem
1466 2431 1618 2475 vestigia
1644 2442 1766 2464 earum
1794 2431 1959 2464 distincta
1984 2436 2078 2466 sunt.
2106 2453 2154 2457 —
2206 2434 2243 2476 2)
2272 2434 2457 2470 Scutum

251 2500 436 2532 dorsale
464 2498 682 2542 longitudine
710 2497 732 2530 6
759 2498 924 2540 pollicum
952 2501 986 2530 et
1014 2497 1032 2531 1
1062 2498 1195 2538 lineae,
1231 2497 1413 2530 latitudine
1440 2496 1464 2530 4
1491 2498 1656 2541 pollicum
1683 2502 1716 2531 et
1747 2498 1788 2532 11
1818 2498 2010 2541 linearum,
2044 2500 2161 2533 forma
2186 2502 2331 2545 propius
2359 2515 2457 2537 acee-

251 2567 298 2599 dit
328 2567 373 2599 ad
401 2565 501 2599 Test.
529 2565 711 2598 lutarium.
766 2565 821 2597 eui
857 2565 962 2597 ctiam
989 2565 1170 2608 sculptura
1204 2569 1237 2597 et
1265 2565 1385 2597 colore
1413 2565 1536 2597 similis
1564 2569 1636 2607 est;
1687 2569 1785 2598 caret
1811 2569 1929 2599 autem
1956 2567 2184 2601 scutellorum
2210 2570 2457 2614 marginalium

251 2634 366 2667 antico
394 2633 520 2676 impari
545 2632 688 2669 lineari..
719 2643 842 2664 eorum
869 2635 987 2664 autem
1014 2633 1084 2664 (luo
1113 2632 1247 2672 antica,
1276 2643 1341 2665 nec
1367 2643 1437 2664 non
1465 2632 1613 2665 scutella
1640 2633 1872 2674 vertebralia‚
1909 2634 2115 2677 angustiora
2141 2640 2223 2669 sunt
2248 2648 2353 2681 quam
2379 2650 2457 2672 scu-

252 2702 333 2733 tella
363 2701 413 2733 cis
440 2699 690 2743 respondentia
717 2699 865 2732 lutariae
893 2699 1086 2743 genuinae,
1129 2699 1193 2732 sed
1219 2699 1325 2741 paulo
1353 2698 1479 2731 latiora
1505 2710 1610 2742 quam
1636 2699 1672 2731 in
1697 2699 1872 2732 varietate
1898 2701 2004 2734 modo
2031 2702 2096 2735 sub
2124 2701 2191 2737 No.
2221 2703 2239 2737 1
2270 2705 2455 2749 descripta.

254 2766 445 2800 Praeterea
473 2778 610 2811 quoqne
637 2767 785 2799 seutella
813 2766 882 2798 duo
911 2766 1025 2798 antica
1052 2765 1264 2809 marginalia
1290 2765 1589 2809 subtriangularia
1615 2769 1715 2806 sunt,
1742 2767 1901 2810 margine
1928 2767 2043 2801 antico
2067 2769 2195 2813 singuli
2222 2772 2360 2805 scutelli
2386 2784 2457 2806 me-

255 2834 351 2866 dium
377 2845 501 2867 versus
530 2834 604 2877 (pubi
630 2833 665 2865 in
693 2833 811 2876 specie
839 2833 992 2876 gemlina
1026 2833 1213 2866 scutellum
1238 2832 1352 2876 impar
1378 2832 1482 2865 situm
1510 2834 1576 2874 est)
1605 2832 1790 2874 inclinato,
1825 2837 1945 2867 centro
1973 2835 2151 2870 sulcarum
2177 2837 2213 2870 in
2239 2839 2370 2882 angulo
2397 2851 2456 2872 an—

255 2901 323 2933 tico
353 2904 498 2933 externo
527 2901 605 2933 sito.
659 2899 889 2941 Sternum,
939 2900 1054 2933 forma
1083 2904 1118 2932 et
1143 2900 1372 2933 scutellorum
1397 2910 1562 2941 numero,
1597 2900 1824 2943 proportione
1852 2902 2119 2946 sculpturaque,
2147 2915 2226 2937 cum
2253 2906 2370 2949 specie
2397 2918 2455 2950 ge-

255 2968 362 2999 nuina
389 2967 559 3010 congruit.
638 2965 747 3000 Color
782 2971 835 3000 est
861 2967 1106 3011 nigrofuscus,
1161 2977 1285 3000 versus
1320 2966 1515 3010 marginem
1542 2966 1695 2999 anticum
1722 2971 1756 3000 et
1782 2967 1957 3002 internum
1983 2970 2203 3014 singulorum
2229 2973 2456 3007 scutellorum

255 3034 416 3066 dilutior.
470 3033 686 3076 marginibus
713 3034 797 3077 ipsis
825 3034 953 3077 pallide
981 3034 1199 3074 stramineis,
1253 3033 1413 3077 vestigiis
1441 3033 1609 3066 obsoletis
1635 3034 1816 3067 radiorum
1843 3037 2130 3078 stramineorum,
2183 3050 2202 3070 e
2229 3040 2455 3074 scutellorum

256 3101 385 3145 angulo
414 3100 580 3133 inferiore
608 3104 754 3133 externo
782 3104 948 3134 ortorum.

406 3167 663 3200 Scuwffluussn
690 3167 808 3208 plures
835 3167 971 3209 species
998 3168 1155 3201 scutellis
1182 3166 1436 3211 marginalibus
1461 3166 1510 3201 24
1537 3167 1732 3210 descripsit,
1749 3179 1838 3212 quae
1865 3174 1983 3202 autem
2011 3181 2151 3211 onmes,
2179 3172 2272 3206 notis
2299 3174 2453 3219 reliquis,

258 3245 275 3266 a
305 3234 433 3266 nostris
461 3234 598 3266 dualms
621 3233 696 3275 jam
724 3233 908 3275 descriptis
936 3234 1034 3266 testis
1061 3234 1146 3268 satis
1174 3233 1347 3267 differunt.
1408 3232 1439 3267 E
1467 3234 1654 3267 collatione
1681 3234 1827 3278 Emydis
1854 3236 2003 3269 lutariae
2031 3238 2205 3280 genuinae
2232 3251 2311 3274 clun
2337 3242 2452 3275 varie-

257 3302 385 3333 tatibus
413 3301 489 3343 ejus
517 3301 653 3333 duabus
681 3299 864 3342 descriptis
891 3299 958 3332 hae
985 3300 1124 3344 quidem
1151 3300 1369 3334 differentiae
1396 3304 1596 3344 emergunt:

411 3368 442 3402 ll
472 3367 601 3410 Emys
630 3367 802 3399 lutaria
828 3366 984 3399 scutellis
1011 3368 1263 3412 marginalibus
1297 3365 1364 3409 253
1406 3368 1520 3400 antico
1547 3368 1674 3411 impari
1699 3369 1842 3411 lineari3
1885 3369 2024 3403 duobus
2052 3372 2222 3413 proximis
2249 3375 2450 3408 subrectan-

555 3434 665 3477 gulis.
694 3437 814 3466 centro
843 3433 1020 3466 sulcorum
1047 3434 1082 3467 in
1110 3435 1239 3479 angulo
1267 3434 1382 3467 antico
1410 3435 1586 3468 exteriore
1613 3436 1691 3468 sito.
1746 3435 1859 3473 (Tab.
1888 3435 1966 3478 ΙΙΙ,
1994 3436 2071 3481 Fig.
2099 3437 2150 3480 Ι.)
