2632 3890
258 101 320 153 38
1178 98 1553 135 BATRAGHIA.

1048 251 1228 291 Runa
1294 252 1669 290 esculenta.

406 335 438 368 1.
489 333 757 379 Longitudo
791 336 884 369 ultra
917 335 938 369 2
965 335 1119 378 pollices·
1174 332 1320 377 Caput
1345 333 1620 367 immaculatiun.
1673 331 1868 366 Dorsum
1901 334 2061 367 verrucis
2096 337 2131 367 et
2165 333 2313 367 maculis
2339 331 2462 376 nigris,

261 397 418 446 pluribus
445 402 738 445 paucioribusve,
780 403 949 446 plicisque
987 402 1124 434 duabus
1159 401 1307 434 elevatis
1341 401 1538 445 parallelis,
1582 400 1625 432 ab
1661 399 1772 432 oculis
1800 400 1845 432 ad
1874 401 1972 433 basin
1998 402 2174 434 femorum
2201 411 2313 445 usque
2341 400 2465 432 decur-

256 469 424 503 rentibus.
476 468 646 503 Latera.
680 470 838 513 corporis
873 473 905 501 et
940 472 1081 501 artuum
1114 468 1262 502 maculis
1295 468 1452 512 1111131115,
1495 467 1770 511 11103111111111115,
1813 467 1892 509 plus
1926 467 2041 501 minus
2075 469 2351 509 confluentibus,
2394 466 2464 499 ele-

255 539 381 580 ganter
406 535 599 580 variegata.
654 537 824 569 Abdom
834 546 884 568 en
911 535 968 567 vel
997 538 1127 576 totum,
1162 536 1220 568 vel
1247 539 1382 568 tantum
1409 546 1515 568 anum
1542 545 1687 575 versus,
1723 533 1873 567 maculis
1905 534 2024 577 parvis
2058 536 2334 580 grisescentibus
2361 534 2465 567 obso-

257 603 336 636 letis
362 603 569 646 adspersum
597 623 644 627 —
682 602 763 635 Duo
792 602 985 636 individua.

404 669 438 704 2.
490 669 689 712 Longitu
701 669 753 701 do
781 669 873 702 ultra
910 669 929 703 1
955 669 1128 713 pollicem.
1182 667 1329 712 Caput
1362 668 1526 712 utrinque
1560 667 1654 700 linea
1686 667 1807 711 nigra,
1851 667 1895 700 ab
1933 667 2033 711 apice
2066 669 2234 701 maxillae
2261 667 2466 712 superioris,

256 747 319 779 per
344 747 485 777 narem,
529 736 573 768 ad
600 736 742 768 oculum
768 747 880 780 usque
908 737 1031 779 dueta,
1066 739 1251 780 praeterea
1276 736 1365 769 vitta
1392 736 1463 768 lata
1489 735 1609 779 1113111,
1646 738 1727 768 ante
1753 734 1950 778 marginem
1975 735 2143 768 maxillae
2170 735 2382 778 superioris,
2416 738 2468 768 to-

256 807 326 836 tam
354 803 565 835 anteriorem
600 803 724 846 capitis
759 807 896 846 partem
937 804 1244 847 circumcingente.
1311 801 1505 836 Dorsum
1538 802 1653 835 latera
1686 806 1721 835 et
1754 802 1863 846 pedes
1905 802 1997 835 sicut
2033 803 2067 835 in
2103 802 2277 835 varietate
2315 801 2334 836 1
2363 801 2468 845 picta.

257 869 492 902 Abdomen
520 869 639 902 album
666 870 940 904 immaculatum.
995 868 1115 904 Gula
1140 870 1288 904 maculis
1314 870 1458 903 minutis
1494 869 1770 913 griseseentibus
1798 880 1990 912 conspersa
2017 890 2064 895 —
2105 869 2189 903 Duo
2224 869 2419 903 individua.

404 935 437 969 3.
496 935 757 980 Longitudo
795 936 841 976 3}
870 938 1046 980 pollicum.
1100 936 1298 971 Dorsum
1323 937 1424 981 plicis
1451 937 1589 970 duabus
1616 937 1705 970 sicut
1732 937 1767 969 in
1792 937 1967 970 varietate
1995 936 2035 980 13
2081 938 2273 971 tuberculis
2300 948 2364 970 seu
2391 947 2469 969 ver·

256 1003 350 1036 rucis
377 1003 495 1036 multis
529 1003 686 1047 magnis,
732 1008 985 1048 11111010101111111·ι
1021 1016 1127 1037 anum
1160 1016 1287 1038 versus
1323 1004 1500 1048 granulis,
1543 1008 1695 1037 scatens.
1756 1003 1857 1037 llaec
1890 1005 2101 1047 granula,
2145 1016 2259 1049 aeque
2295 1016 2337 1037 ac
2364 1015 2470 1048 quae-

256 1070 335 1102 dam
363 1070 491 1103 similia
519 1070 702 1112 tibiarum,
741 1071 822 1104 alba
848 1075 947 1113 sunt,
991 1082 1167 1116 supraque
1202 1083 1290 1115 poro
1317 1072 1509 1115 perforata.
1561 1070 1714 1104 Femora
1747 1071 1901 1112 interne,
1944 1082 2051 1104 anum
2077 1082 2222 1113 versus,
2265 1071 2470 1116 granulosa.

257 1135 419 1180 Caput,
463 1130 664 1179 dorsum,
707 1138 857 1171 latera
893 1142 926 1171 et
961 1139 1100 1182 pedes
1134 1139 1225 1172 sieut
1259 1139 1294 1171 in
1320 1139 1494 1172 varietate
1522 1137 1540 1171 1
1578 1138 1672 1182 pieta
1704 1142 1803 1179 sunt,
1846 1138 1994 1171 maculis
2027 1138 2138 1182 nigris
2165 1139 2295 1182 pedum
2322 1138 2468 1171 0111110-

257 1215 335 1237 rum
362 1207 480 1237 autem
506 1205 620 1249 magis
648 1205 830 1248 eleganter
856 1206 1124 1239 confluentibus.
1177 1205 1271 1239 Pars
1298 1209 1373 1239 tota
1406 1206 1589 1239 inferna
1623 1206 1801 1248 corporis,
1839 1205 1952 1248 capite
1978 1205 2196 1249 pedibusque
2233 1204 2330 1238 haud
2365 1216 2469 1238 exce-

261 1271 347 1314 ptis,
391 1272 578 1304 confertim
612 1272 938 1315 griseo-maculata
967 1277 1001 1306 et
1034 1277 1251 1306 marmorata
1278 1277 1331 1306 est
1358 1293 1405 1297 —
1441 1271 1514 1306 Pes
1551 1272 1693 1305 sinister
1718 1272 1875 1315 posticus
1909 1273 2090 1305 mutilatus
2125 1277 2195 1313 est,
2229 1273 2365 1306 femore
2391 1271 2470 1305 solo

258 1339 458 1382 superstite.
525 1338 683 1372 Vulnere
717 1342 835 1372 autem
869 1341 1025 1383 perfecte
1053 1340 1174 1373 clauso
1210 1340 1317 1373 etad
1343 1340 1542 1373 cicatricem
1576 1340 1766 1383 perducto,
1809 1351 1880 1372 11011
1907 1339 2047 1381 dubito,
2082 1340 2164 1383 quin
2199 1340 2350 1382 animal,
2392 1342 2472 1382 post

256 1405 348 1438 1111110
374 1405 647 1448 mutilationem,
682 1405 798 1439 adhuc
832 1417 896 1450 per
928 1407 1074 1451 longum
1107 1411 1246 1450 tempus
1282 1407 1413 1441 vixerit
1441 1427 1488 1431 —
1532 1405 1613 1440 Hoc
1647 1407 1868 1440 individuum
1894 1407 1930 1439 111
1955 1405 2085 1440 Museo
2111 1407 2320 1452 Lampeano
2356 1417 2471 1440 asser-

256 1473 424 1514 vabatur,
469 1473 631 1517 idemque
659 1477 712 1507 est
737 1474 831 1517 quod
865 1474 900 1507 in
926 1473 1075 1508 Uebers.
1102 1485 1136 1508 n.
1162 1473 1258 1508 5455
1294 1474 1475 1518 descripsi.

1015 1599 1202 1640 Rana
1269 1598 1709 1654 temporaria.

409 1682 441 1715 1.
495 1680 760 1725 Longitudo
795 1681 818 1716 3
848 1683 1014 1726 pollicum
1042 1688 1076 1717 et
1102 1684 1195 1728 quod
1223 1683 1375 1717 excedit.
1428 1681 1623 1717 Dorsum
1651 1687 1685 1716 et
1711 1683 1860 1717 latera
1894 1683 1973 1728 plus
1999 1684 2116 1718 minus
2143 1687 2279 1718 scatent
2312 1694 2470 1728 granu-

259 1748 316 1781 lis
350 1748 496 1790 albidis,
540 1748 636 1782 haud
670 1750 878 1792 perforatis,
921 1752 1113 1784 tuberculis
1149 1750 1326 1784 nonnullis
1368 1750 1562 1794 majoribus
1599 1751 1800 1784 dorsalibus
1835 1751 2072 1794 intersparsis.
2135 1749 2298 1785 Granula
2330 1751 2471 1792 similia,

257 1827 323 1849 nec
350 1827 435 1849 vero
465 1827 577 1860 aeque
604 1817 764 1849 conferta
791 1829 832 1850 ae
859 1818 895 1850 111
922 1818 1050 1859 dorso,
1088 1819 1198 1861 pedes
1233 1818 1390 1861 postieos
1424 1822 1616 1861 occupant,
1652 1818 1791 1851 femora
1823 1818 1981 1860 inferne,
2015 1820 2224 1862 praesertim
2257 1830 2365 1852 anum
2390 1830 2470 1851 ver-

259 1894 337 1923 sus,
381 1883 639 1916 confertissime
673 1885 865 1927 granulosa
902 1888 993 1918 511111.
1053 1884 1212 1917 Plicae
1250 1885 1363 1918 duae
1398 1885 1628 1924 dorsales,
1673 1885 1763 1918 510111
1797 1885 1832 1917 111
1860 1885 1962 1918 Rana
1999 1887 2198 1928 esculenta,
2234 1885 2470 1919 distinctim-es

259 1955 319 1982 aut
346 1950 579 1983 obsoletiores
607 1954 687 1983 sunt
714 1971 761 1975 ——
805 1950 944 1984 Color
977 1963 1129 1995 superne
1164 1956 1217 1985 est
1244 1953 1618 1985 olivaceo-brunneus
1646 1956 1705 1985 aut
1733 1953 1876 1986 sordide
1901 1954 2331 1997 ferrugineo-flavicans,
2366 1953 2472 1986 inter-

259 2018 340 2050 dum
375 2017 728 2060 subroseo-tinetus3
762 2019 910 2051 maculis
937 2019 1048 2063 nigris
1075 2019 1269 2052 maioribus
1297 2019 1557 2061 minoribusve,
1592 2020 1750 2063 pluribus
1777 2020 1835 2053 vel
1861 2021 2106 2064 paucioribus,
2142 2022 2187 2054 ad
2213 2022 2324 2065 plicas
2351 2021 2472 2054 dorsa-

259 2085 311 2117 les
337 2084 629 2125 confertim-ibus,
664 2085 841 2118 interdum
868 2086 958 2118 adeo
987 2086 1175 2127 confertis,
1206 2090 1244 2119 ut
1269 2086 1383 2120 lineas
1410 2087 1498 2120 duas
1521 2087 1796 2131 longitudinales
1823 2088 1962 2132 nigras,
1997 2089 2076 2132 plus
2104 2089 2218 2122 minus
2245 2089 2470 2131 interruptas,

258 2151 461 2185 exhibeant.
512 2150 556 2184 In
583 2163 736 2195 superna
762 2153 892 2196 pedum
927 2153 1144 2196 posticorum
1178 2157 1278 2197 parte
1312 2153 1381 2186 hae.
1415 2154 1577 2187 maculae
1609 2154 1646 2187 in
1678 2155 1811 2188 fascias
1839 2156 2007 2189 collectae
2034 2160 2126 2190 sunt.
2178 2155 2362 2189 Interdum
2387 2165 2472 2198 quo-

258 2229 324 2262 que
352 2219 464 2251 latera
490 2218 648 2261 corporis
677 2222 711 2251 et
737 2220 866 2262 pedum
893 2220 1040 2253 maculis
1067 2220 1177 2264 nigris
1204 2221 1460 2264 irregularibus
1487 2221 1726 2264 variegantur.
1771 2221 1916 2255 Macula
1941 2234 2071 2267 magna
2096 2222 2243 2267 insignis
2270 2234 2361 2267 pone
2389 2233 2471 2255 ocu-

259 2286 312 2318 los
340 2285 504 2318 omnibus
532 2289 586 2318 est
612 2285 786 2318 distincta.
840 2285 986 2319 Inferna
1023 2287 1180 2330 corporis
1216 2291 1249 2320 ct
1284 2291 1424 2320 artuum
1452 2298 1534 2331 pars
1561 2289 1704 2321 sordide
1733 2289 1852 2322 albida
1878 2292 1938 2322 aut
1964 2290 2107 2323 sordide
2133 2289 2471 2334 pallide-ochracea

261 2356 331 2393 est,
376 2353 581 2396 plerumque
608 2353 756 2385 maculis
784 2353 903 2395 parvis
930 2353 1076 2397 griseis,
1113 2354 1192 2397 plus
1220 2354 1335 2387 minus
1363 2355 1640 2397 confluentibus,
1676 2356 1952 2390 distinctim-ibus
1979 2357 2037 2390 vel
2064 2357 2355 2399 obsoletioribus,
2390 2367 2472 2390 cou-

261 2430 394 2462 spersa.
446 2419 576 2452 Itidem
601 2430 725 2463 margo
752 2420 920 2452 maxillae
955 2421 1149 2463 superioris
1182 2421 1330 2454 maculis
1366 2421 1485 2464 parvis
1520 2422 1647 2466 griseis
1682 2426 1741 2456 aut
1769 2423 1918 2456 einereis
1946 2435 2158 2468 conspersus
2193 2435 2272 2458 esse
2299 2424 2391 2457 solet
2424 2443 2471 2446 —

261 2485 351 2519 Tria
376 2487 569 2520 individua.

412 2553 445 2587 2.
499 2553 763 2597 Longitudo
801 2553 1046 2597 1⁷}pollicu1u.
1107 2553 1266 2588 Plieae
1302 2554 1534 2596 dorsales,
1585 2557 1830 2590 tubercula
1865 2561 1898 2590 et
1932 2559 2126 2602 granula
2162 2558 2253 2591 510111
2286 2559 2321 2591 in
2357 2558 2471 2591 varie-

262 2625 333 2652 tate
363 2620 400 2661 1,
436 2621 774 2664 31110111151111110100
804 2621 917 2653 minus
953 2621 1144 2663 distinctis,
1187 2622 1378 2655 tuberculis
1415 2623 1511 2655 dorsi
1547 2627 1666 2656 autem
1700 2625 1870 2667 pluribus.
1934 2623 2075 2658 Color
2110 2637 2262 2668 superne
2296 2625 2472 2666 sordidus,

262 2688 632 2729 oebraceo-albidus,
677 2688 824 2720 maculis
860 2688 1180 2730 brunneo-l'useis,
1225 2690 1365 2722 macula
1405 2700 1496 2732 pone
1532 2690 1654 2724 oeulos
1689 2691 1869 2733 distincta,
1914 2692 2036 2726 fasciis
2071 2693 2201 2736 pedum
2236 2693 2473 2737 posticorum3

263 2755 398 2787 inferne
436 2755 591 2795 albidus,
632 2755 768 2798 punctis
797 2755 1094 2798 grisescentibus,
1137 2756 1213 2788 fere
1247 2755 1429 2797 extinctis,
1465 2756 1632 2799 dispersis
1665 2777 1712 2781 —
1758 2757 1986 2793 Individuum
2020 2760 2172 2793 1111101101.

413 2821 446 2855 3.
500 2822 762 2866 [0031111110
799 2821 847 2862 Q,
874 2822 1049 2865 pollicum.
1103 2820 1262 2855 Plicae
1289 2823 1499 2856 dorsales
1536 2823 1626 2856 sicut
1653 2824 1689 2857 in
1716 2826 2015 2860 antecedentibus.
2071 2824 2239 2869 Grana,
2275 2837 2364 2871 quae
2392 2826 2471 2858 dor-

264 2898 342 2919 511111
368 2888 480 2920 latera
507 2893 540 2921 et
568 2890 676 2932 pedes
706 2889 859 2932 posticos
887 2900 1038 2932 superne
1067 2893 1261 2932 occupant,
1298 2890 1416 2922 omnia
1442 2894 1523 2923 sunt
1550 2891 1709 2933 ejusdem
1736 2892 2005 2936 magnitudinis,
2050 2894 2298 2935 subcouferta,
2334 2892 2473 2926 minora

264 2964 368 2997 quam
394 2955 594 2997 tubercula,
630 2957 766 2998 majora
794 2967 897 3000 quam
925 2956 1073 2999 granula
1101 2957 1395 2990 antecedentium.
1448 2957 1600 3001 Inguina
1628 2962 1660 2991 et
1687 2959 1861 2992 femorum
1889 2972 1971 3004 pars
1999 2961 2137 2995 inferna
2162 2964 2243 2994 sunt
2268 2960 2472 3004 granulosa.

265 3018 401 3053 Color
429 3022 585 3064 eorporis
612 3023 809 3066 pedumque
837 3034 990 3066 superne
1018 3023 1199 3056 0111000115
1209 3048 1218 3065 ,
1254 3024 1401 3056 maculis
1429 3025 1548 3067 parvis
1574 3025 1683 3069 nigris
1711 3027 1898 3068 confertis,
1934 3032 2186 3071 praetereaque
2212 3027 2334 3060 fasciis
2361 3030 2472 3060 trans-

266 3087 465 3120 versalibus
492 3089 620 3131 pedum
648 3090 862 3131 posticorum
891 3095 922 3122 et
952 3091 1090 3123 macula
1116 3101 1246 3134 1111131111
1282 3091 1445 3123 distincta
1480 3102 1569 3134 pone
1607 3093 1749 3133 oeulos,
1788 3094 1878 3127 sieut
1914 3095 1948 3127 in
1976 3094 2274 3127 antecedentibus.
2328 3094 2473 3127 Inferue-

266 3164 393 3197 corpus
421 3157 531 3187 totum
558 3155 699 3187 sordide
727 3156 882 3188 albidum
910 3160 980 3197 est,
1020 3158 1167 3190 maculis
1195 3157 1313 3200 parvis
1342 3157 1623 3201 nigro-einereis
1651 3164 1855 3202 punctatum
1882 3182 1929 3186 —
1965 3161 2192 3194 lndividuum
2218 3161 2371 3194 unicum.

414 3220 447 3253 4.
502 3220 557 3254 De
595 3222 844 3264 speciminibus
878 3223 1016 3255 duobus
1052 3223 1168 3256 inter
1203 3224 1482 3258 esculentam
1522 3230 1561 3258 et
1599 3229 1925 3270 temporariam
1967 3228 2277 3269 intermediis,
2323 3239 2472 3272 quorum

265 3296 372 3328 supra.
394 3289 469 3329 jam
495 3288 708 3320 mentionem
735 3289 823 3325 feeiq
872 3288 927 3321 1110
955 3290 1127 3332 quaedam
1162 3291 1307 3323 addam:
1354 3290 1614 3335 110031111110
1653 3294 1700 3333 23
1728 3299 1761 3327 ct
1787 3296 1864 3328 fere
1891 3294 1913 3328 3
1938 3294 2114 3337 pollicum.
2167 3293 2360 3328 Dorsum
2394 3294 2469 3338 pli-

266 3356 428 3394 catum,
472 3355 561 3387 sicut
595 3355 631 3388 in
667 3355 973 3396 antecedentibus,
1011 3358 1170 3399 granulis
1208 3358 1488 3402 tuberculisque,
1528 3361 1803 3395 distinetioribus
1840 3362 1897 3393 vel
1934 3361 2225 3403 obsoletioribus,
2262 3373 2471 3395 verruco-

267 3428 377 3459 sum,
411 3420 521 3453 latera
548 3422 755 3465 granulosa,
794 3423 902 3465 pedes
932 3423 1055 3465 postici
1083 3435 1234 3466 superne
1262 3425 1443 3468 granulosi
1471 3432 1530 3459 aut
1564 3428 1859 3469 subtuberculati,
1902 3428 2097 3461 femoribus
2125 3428 2219 3462 infra
2252 3428 2473 3472 granulosis,
