2534 3890
1094 209 1138 245 v.
1191 209 1357 246 RUFO.
2265 218 2327 262 57

132 318 276 361 culatis;
302 319 425 353 forsan
451 323 570 352 tamen
595 316 675 350 icon
697 315 793 350 haud
820 317 916 351 satis.
934 322 1060 352 exacte
1082 317 1240 352 exhibita
1266 323 1329 354 est.
1373 319 1580 362 Quaeritur,
1608 331 1737 354 numne
1764 333 1798 356 m
1808 324 2111 359 aculiventris
2139 331 2173 359 et
2199 327 2331 371 Agna

133 386 177 418 ad
200 396 308 419 unam
335 386 553 430 eandemque
579 383 734 427 speciem
759 384 886 417 referri
921 385 1083 419 debeant.

283 452 367 486 Alia
394 453 586 497 quaedam,
625 451 672 484 ad
697 451 872 485 marinum
909 455 943 484 et
970 451 1116 496 Aguam
1142 452 1356 495 spectantia,
1396 454 1517 498 legere
1549 454 1640 488 velis
1673 455 1740 488 sub
1774 456 1891 498 specie
1918 457 2133 503 insequente.

694 791 737 835 5.
826 793 875 834 B.
935 792 1778 839 MELANOSTIGTUS.

162 909 403 944 Verrucosus
428 907 688 956 sublu'spidus,
725 907 906 955 parotide
938 908 1158 956 renq'f'ormi,
1204 910 1332 957 eapite
1356 910 1598 958 marginata,
1638 911 1788 957 plantis
1815 910 1899 947 basi
1928 925 2077 950 summa
2101 915 2311 963 digitorum

454 976 663 1023 palmatis,-
702 972 945 1023 marginibus
971 976 1111 1023 custite's
1137 981 1175 1011 et
1205 977 1462 1012 maxillarum
1488 975 1764 1026 albomgroque
1796 981 2011 1016 maculatis.

731 1109 853 1143 Bufo
886 1109 1238 1145 melanostictus
1271 1110 1516 1145 Scmvmnsm.

731 1176 848 1210 Bufo
883 1178 1047 1211 scaber
1084 1176 1280 1211 DAUDINH.

731 1243 849 1277 Bufo
885 1244 1188 1288 bengalensis
1222 1243 1419 1279 DAUDINH.

279 1386 385 1421 Hunc
410 1386 590 1420 Bufonem
611 1385 846 1430 javanensem
872 1394 919 1420 DE
946 1385 1059 1420 HAAN
1086 1386 1173 1420 mihi
1197 1386 1293 1421 misit
1318 1387 1384 1421 sub
1410 1387 1552 1422 nomine
1584 1387 1781 1423 Bufonis
1814 1389 1977 1424 scabri.
2039 1388 2131 1426 Cum
2157 1403 2243 1427 vero
2268 1396 2335 1429 sub

130 1453 199 1488 hoc
224 1454 367 1488 nomine
393 1454 569 1499 quaedam
594 1453 731 1497 species
758 1454 1038 1495 confundantur,
1066 1453 1388 1488 denominationem
1415 1455 1620 1499 anteposui,
1656 1467 1726 1501 qua
1753 1455 1973 1490 SCHNEIDER
1998 1458 2132 1502 primus
2157 1471 2244 1494 usus
2271 1466 2334 1496 est.

280 1521 469 1555 Statura
496 1524 531 1554 et
555 1520 737 1564 proportio
771 1520 924 1565 partium
960 1521 1102 1554 omnino
1138 1521 1303 1555 convenit
1337 1533 1417 1556 cum
1452 1533 1487 1555 m
1499 1522 1647 1565 arino3
1683 1523 1789 1557 etiam
1822 1524 2000 1568 margines
2035 1526 2165 1560 elevati
2198 1528 2333 1572 capitis,

131 1590 176 1622 ad
203 1592 408 1632 tympanum
435 1599 547 1632 usque
575 1587 688 1630 ducti,
729 1599 796 1621 nec
822 1599 892 1621 non
924 1599 1115 1630 verrucae,
1159 1588 1228 1622 iilis
1264 1588 1391 1622 marini
1421 1589 1655 1633 respondent;
1695 1590 1854 1624 verrucis
1887 1594 2024 1634 tamen,
2061 1593 2188 1637 quibus
2223 1594 2337 1629 latera

129 1659 164 1689 et
190 1659 288 1689 artus
314 1655 433 1688 vestiti
459 1658 558 1696 sunt,
595 1655 710 1699 magis
738 1655 905 1697 elevatis,
938 1655 1072 1699 passim
1097 1659 1218 1689 centro
1253 1655 1549 1698 subacmninatis,
1593 1656 1748 1701 indeque
1775 1661 1848 1691 toto
1887 1658 2030 1692 animali
2055 1660 2169 1705 magis
2195 1662 2334 1696 scabro.

127 1722 258 1757 Differt
284 1725 403 1756 autem
428 1733 450 1755 a
475 1721 631 1763 marino,
674 1722 888 1766 parotidc
920 1723 1161 1756 reniformi
1188 1726 1268 1765 aut,
1312 1723 1343 1756 si
1368 1723 1501 1765 mavis,
1545 1724 2005 1767 subcurvato-cylindrica,
2047 1726 2096 1760 ita
2121 1731 2257 1770 tamen,
2297 1733 2337 1763 ut

129 1801 268 1834 quoque
294 1789 330 1822 in
356 1789 468 1822 latere
496 1799 678 1831 convexo,
723 1789 831 1832 paulo
858 1789 952 1822 infra
977 1790 1147 1833 medium,
1190 1790 1348 1823 incisura
1373 1790 1611 1834 conspiciatur
1644 1810 1692 1815 —-—
1731 1789 1826 1824 Lon
1835 1792 1995 1836 gitudo
2023 1792 2071 1833 3÷
2094 1795 2261 1838 pollicum
2285 1793 2334 1821 —'

128 1856 267 1891 Color
293 1857 386 1890 infra
413 1856 693 1899 dilute-piceus,
729 1855 887 1900 granulis
913 1856 1158 1900 pallidioribus
1184 1861 1314 1901 puncto
1340 1857 1464 1900 fusco3
1498 1868 1607 1901 supra
1632 1857 1776 1891 sordide
1802 1858 2178 1904 piceo-ferrugineus,
2212 1873 2335 1896 verru-

127 1924 178 1958 cis
204 1924 400 1957 minoribus
426 1923 484 1956 vel
511 1923 593 1956 totis
618 1923 678 1956 vel
705 1926 825 1956 centro
854 1923 931 1957 solo
959 1923 1225 1968 nigro-fuscis3
1266 1924 1426 1968 margine
1458 1924 1626 1958 maxillae
1659 1925 1871 1968 superioris,
1912 1926 2050 1969 punctis
2082 1928 2337 1972 marginalibus

127 1991 327 2032 inferioris,
369 1991 569 2035 plantarum
595 1990 862 2034 palmarumque
894 1991 1054 2024 verrucis
1088 1991 1272 2032 omnibus,
1308 1991 1569 2035 digitorumque
1602 1991 1779 2035 apicibus,
1819 1991 2072 2036 nigro-fuscis.
2131 1994 2202 2029 Ubi
2234 1999 2337 2030 vetus

128 2052 320 2103 epidermis'
345 2057 535 2098 abscessit,
575 2057 674 2091 color
700 2057 843 2090 dilutior
870 2060 942 2099 est,
976 2058 1224 2100 subcinereus,
1258 2057 1418 2091 verrucis
1445 2058 1672 2102 granulisque
1698 2059 1957 2102 unicoloribus,
1991 2061 2151 2105 margine
2176 2063 2337 2097 maxilla-

128 2137 208 2159 rum
232 2124 548 2170 pallide-cinereo.
588 2122 680 2158 Cum
706 2127 825 2158 autem
850 2124 886 2157 in
904 2123 973 2157 hoc
999 2124 1181 2157 individuo
1207 2124 1386 2168 margines
1413 2124 1537 2168 capitis
1564 2125 1855 2169 pallide-cinerei
1880 2126 2082 2161 unicolores
2107 2127 2194 2170 sint,
2222 2129 2336 2174 suspi-

127 2205 207 2234 cor,
243 2204 324 2234 eos,
354 2203 466 2236 aeque
494 2204 535 2225 ac
561 2191 790 2225 maxillarum
817 2202 959 2235 margo,
1001 2191 1217 2235 epidermide
1243 2191 1481 2236 nigro-fusca
1506 2191 1647 2225 indutos
1672 2192 1795 2225 fuisse.
1849 2191 2007 2227 Gallus
2041 2205 2191 2238 magnus
2218 2195 2335 2241 nigro-

124 2261 266 2301 fuscus,
301 2260 366 2292 sub
401 2259 510 2303 digito
546 2259 723 2292 exteriore
749 2259 969 2303 plantarum,
1014 2258 1105 2291 adeo
1132 2261 1285 2302 prostat,
1323 2261 1363 2291 ut
1388 2258 1489 2302 digiti
1521 2258 1641 2292 brevis
1667 2259 1780 2292 crassi
1812 2259 1968 2303 speciem
2000 2260 2167 2295 exhibeat
2199 2263 2334 2305 (forsan

125 2327 251 2362 eadem
277 2326 367 2360 ratio
395 2330 449 2359 est
474 2326 510 2358 in
537 2325 715 2360 Bufone
742 2326 1040 2367 semilunato,
1076 2326 1119 2358 de
1146 2336 1215 2370 quo
1243 2324 1484 2367 SCHNEIDER,
1520 2329 1554 2358 et
1579 2329 1661 2369 post
1687 2337 1784 2367 eum,
1819 2324 1988 2360 MERREM
2015 2327 2145 2372 aliique
2172 2333 2335 2364 auctores

124 2395 260 2436 dicunt,
304 2393 452 2437 digitum
478 2393 636 2438 quintum
661 2393 863 2437 plantarum
888 2392 1133 2436 longissimum
1160 2403 1257 2434 esse,
1291 2392 1389 2425 addit
1415 2392 1508 2425 enim
1543 2391 1782 2434 SCHNEIDER,
1825 2393 1955 2427 callum
1984 2393 2147 2439 longum,
2192 2400 2273 2430 ante
2300 2402 2335 2430 et

118 2462 224 2504 juxta
249 2461 432 2505 pollicem,
477 2460 632 2505 speciem
659 2460 752 2493 s'exti
785 2459 886 2504 digiti
918 2460 1103 2503 praebere.
1163 2458 1336 2504 Idemque
1370 2459 1584 2493 monendum
1618 2462 1671 2493 est
1709 2459 1754 2493 de
1789 2459 1970 2494 Bufone
2004 2460 2192 2496 horrido
2228 2461 2332 2497 1)Αο-

128 2538 241 2571 ΒΙΝΙΙ,
277 2528 334 2562 eui
361 2531 485 2561 auctor
512 2527 640 2571 digitos
668 2538 734 2561 sex
759 2527 959 2570 plantarum
985 2527 1130 2569 tribuit).

274 2595 335 2629 Ad
363 2599 524 2628 nostrum
551 2594 731 2641 specimen
766 2598 892 2626 exacte
926 2594 1076 2637 quadrat
1115 2592 1233 2626 Bufo
1260 2592 1616 2626 melanostictus
1651 2592 1904 2636 SCHNEIDEm,
1947 2605 2052 2640 quem
2083 2593 2252 2630 Menum
2287 2596 2332 2630 ad

123 2662 166 2696 Β.
194 2662 485 2706 pustulosum
511 2661 664 2694 adhibet.
716 2659 748 2694 E
775 2659 939 2704 diagnosi
965 2658 1225 2692 MERREMIANA
1252 2659 1457 2703 pustulosus
1491 2663 1545 2692 est
1571 2660 1830 2703 subcaudatus;
1868 2672 1935 2695 nec
1960 2672 2047 2696 vero
2074 2661 2198 2696 SEBAE
2215 2662 2235 2696 I
2261 2663 2330 2696 tab.

124 2728 192 2770 74,
230 2729 288 2773 fig.
308 2728 326 2761 1
356 2729 500 2761 laudata
526 2727 597 2760 tale
624 2727 726 2771 quid,
768 2728 903 2760 caudae
937 2726 1069 2768 simile,
1105 2725 1266 2768 exhibet,
1313 2736 1379 2759 nec
1412 2725 1666 2769 descriptiones
1701 2730 1885 2761 auctorum
1925 2728 2158 2772 allegatorum
2191 2729 2332 2773 vestigii

125 2796 261 2830 caudae
288 2795 502 2828 mentionem
527 2794 673 2828 faciunt.
726 2793 938 2834 Quaeritur,
980 2804 1062 2826 1111111
1096 2791 1264 2826 MERREM
1290 2793 1414 2826 forsan
1447 2792 1585 2826 iconem
1611 2793 1805 2827 Bufonis
1845 2795 1999 2827 scabri
2025 2793 2227 2837 Dauom-n,
2271 2796 2331 2840 qui

124 2866 242 2895 autem
276 2873 297 2894 a
323 2860 530 2895 Mmzmzmo
558 2861 635 2905 ipso
663 2872 742 2894 cum
768 2861 939 2894 marino
968 2860 1175 2903 conjunctus
1203 2863 1273 2901 est,
1319 2863 1400 2892 ante
1428 2860 1550 2893 oculos
1583 2859 1756 2894 habuerit.
1817 2859 2008 2894 Caeterum
2036 2865 2154 2895 autem
2179 2873 2245 2896 nec
2270 2862 2330 2896 illa

122 2929 247 2963 SEBAE
275 2929 374 2970 icon,
416 2940 481 2961 nec
507 2928 550 2961 B.
578 2928 783 2971 pustulosus
810 2927 1025 2961 LAURENTH
1056 2927 1101 2960 ad
1127 2926 1196 2959 hoc
1221 2929 1381 2959 nostrum
1417 2925 1637 2960 individuum
1670 2927 1854 2971 quadrant.

271 2996 388 3029 Bufo
416 2996 578 3028 scaber
612 2994 794 3028 DAUmNu
824 2995 872 3037 (in
898 2994 1133 3028 LATstElLLffl
1161 2993 1252 3030 nist,
1280 2996 1349 3025 nat.
1377 2991 1480 3036 Rept.
1499 2992 1539 3025 II
1566 3004 1598 3036 p.
1618 2993 1701 3035 134)
1734 2998 1856 3026 nostro
1883 2993 2126 3028 melanosticto
2160 2996 2251 3029 bene.
2276 3007 2330 3029 re-

122 3063 289 3107 spondet,
327 3074 429 3107 quem
458 3061 612 3095 Divom
641 3061 745 3094 etiam
772 3073 851 3094 cum
878 3061 937 3094 illo
965 3060 1158 3103 conjunxit.
1210 3059 1349 3092 Auctor
1382 3070 1467 3092 vero
1501 3059 1608 3092 etiam
1639 3061 1920 3103 pustulosum
1947 3059 2161 3094 LAUann
2197 3066 2232 3095 et
2256 3062 2329 3096 LA-

121 3138 275 3163 CEPEDm
317 3130 483 3173 (eundem
517 3139 622 3173 quem
656 3126 823 3161 Menum
858 3129 923 3161 sub
951 3128 1018 3161 hoc
1051 3126 1193 3160 nomine
1226 3126 1377 3169 recepit,
1421 3126 1464 3158 de
1499 3137 1567 3169 quo
1610 3126 1715 3159 modo
1749 3127 1888 3160 locutus
1921 3130 2013 3170 511111)
2055 3132 2090 3161 et
2122 3129 2327 3162 scabrum

122 3195 354 3231 Scnmmzm
390 3197 447 3240 (de
480 3207 549 3240 quo
577 3195 683 3236 infra)
721 3195 765 3227 ad
799 3206 903 3228 suum
937 3195 1101 3228 scabrum
1137 3193 1314 3234 adhibuit,
1357 3192 1414 3236 qui
1448 3195 1565 3225 autem
1598 3191 1667 3225 huc
1702 3192 1797 3227 haud
1830 3198 1992 3237 spectare
2018 3195 2192 3228 videntur.
2252 3194 2325 3228 LA-

120 3271 279 3296 TREILLE
308 3263 413 3296 etiam
448 3263 553 3306 (Hist.
582 3266 651 3295 nat.
670 3260 774 3304 Ropt.
794 3261 849 3295 IV
875 3273 955 3305 pag.
973 3260 1060 3303 293)
1089 3261 1242 3301 dubitat,
1283 3270 1366 3292 num
1399 3259 1602 3302 pustulosus
1635 3270 1714 3292 cum
1749 3262 1875 3294 scabro
1911 3261 2077 3306 conjungi
2110 3262 2228 3305 possit.
2281 3261 2325 3294 In

120 3329 280 3362 Historia
305 3330 458 3363 naturali
484 3329 669 3363 Ranarum
696 3332 789 3372 (pag.
812 3327 877 3369 94,
905 3329 975 3361 tab.
994 3327 1042 3361 34
1068 3327 1125 3371 fig.
1144 3327 1179 3369 1)
1208 3330 1243 3360 et
1268 3326 1303 3359 in
1330 3326 1420 3359 Hist.
1448 3329 1518 3359 nat.
1548 3325 1739 3370 Reptilium
1774 3327 1882 3370 (VIII
1909 3339 1941 3372 p.
1960 3328 2044 3369 194)
2071 3327 2221 3361 DAUDm‘
2249 3328 2322 3371 qui—

120 3396 200 3429 dem
234 3397 279 3429 ad
312 3397 478 3429 scabrum
514 3396 657 3429 adhibet
692 3395 1057 3428 melanostictum
1092 3398 1125 3426 et
1158 3393 1458 3437 pustulosum,
1507 3392 1623 3436 rejicit
1657 3397 1775 3427 autem
1809 3393 1933 3428 SEBAE
1952 3394 1989 3435 I,
2030 3395 2100 3427 tab.
2126 3393 2172 3427 74
2205 3394 2262 3438 fig.
2288 3394 2320 3436 1,

119 3463 201 3495 licet
227 3463 316 3495 haee
343 3463 423 3495 icon
448 3463 526 3506 ipsa
552 3463 595 3496 B.
623 3463 828 3506 pustulosus
863 3460 1076 3494 Limnmvrn
1105 3460 1159 3493 sit.
1214 3459 1270 3493 De
1302 3459 1480 3492 Bufone
1514 3461 1675 3493 scabro
1711 3459 1943 3493 Scanmmzm
1978 3459 2129 3493 DAUmN
2164 3461 2319 3504 suspica-

120 3532 194 3570 tur,
230 3533 410 3563 auctorem
436 3529 615 3563 Bufonenl
641 3529 740 3573 Agu
751 3540 814 3562 am
842 3527 1039 3571 (DAUan‘ll
1067 3537 1211 3571 nempe,
1253 3527 1296 3559 de
1322 3537 1390 3569 quo
1424 3526 1490 3559 sub
1516 3527 1652 3560 marino
1679 3526 1817 3560 locutus
1844 3532 1935 3568 511111)
1970 3530 2004 3559 et
2037 3526 2317 3571 spinipedem

187 3595 421 3620 GRAVENHoRsT
459 3593 604 3628 Raptilia.
1673 3591 1718 3626 15
