2534 3890
219 217 284 263 80
570 231 574 236 -
1140 212 1514 249 RATRAGHIA.

883 375 955 410 ΙΠ.
1015 372 1279 408 MARES
1331 371 1771 407 IMMATURI.

371 460 526 495 Tuber
563 460 696 494 anale
730 460 786 494 his
812 458 1064 504 speciminibus
1090 457 1233 502 quidem
1264 457 1362 491 haud
1388 467 1500 501 aeque.
1533 460 1680 501 turgens
1715 460 1769 489 est
1795 467 1837 490 ac
1869 457 2037 499 maturis,
2072 456 2248 502 turgidius
2281 461 2438 492 attamen

220 539 325 574 quam
350 528 512 570 feminis,
546 528 647 572 rugis
674 526 975 561 transversalibus
1000 525 1125 567 nullis,
1153 525 1217 559 sed
1243 528 1381 558 tantum
1406 523 1569 569 margine
1595 523 1861 557 subincrassato
1896 525 2091 558 crenulato.
2152 524 2306 569 Insuper
2331 525 2438 559 etiam

217 596 340 630 linea
367 595 576 629 dorsalis
604 596 698 628 elata
726 593 861 634 albida,
896 592 1047 626 maculis
1074 591 1444 633 caeruleo-cinerea,
1485 591 1562 625 sine
1589 591 1697 624 dubio
1725 593 1779 623 est
1805 590 1912 624 crista
1937 592 2097 626 mascula
2121 602 2285 626 nascens.

366 661 634 707 Longitudo
663 659 826 704 1÷—1÷
847 659 1026 704 pollicum.
1081 658 1209 694 Gauda
1240 670 1390 703 corpore
1424 659 1531 702 paulo
1566 658 1721 692 brevior.
1784 656 1976 691 Caeterum
2010 662 2188 692 statura
2221 662 2256 692 et
2290 669 2438 703 propor-

216 729 313 764 tione
338 729 493 774 partium
520 729 611 763 sicut
636 728 673 761 in
700 727 943 761 antecedente.
999 725 1138 760 Color
1164 736 1274 770 supra
1299 726 1430 770 pallide
1458 724 1871 767 ochraceo-rufescens,
1907 725 2047 769 punctis
2079 725 2201 770 parvis
2225 725 2338 771 nigris
2365 726 2437 760 ela-

216 797 261 832 tis
288 797 513 841 (verruculis)
542 806 775 839 conspersus3
801 794 905 828 lineis
932 794 1072 828 duabus
1098 793 1414 838 longitudinalibus
1440 792 1571 835 fuscis,
1605 791 1697 825 sicut
1732 791 1769 825 in
1794 791 1959 837 reliquis3
1999 793 2095 826 linea
2121 793 2233 835 elata,
2266 805 2331 838 per
2356 794 2437 827 dor-

215 876 295 899 sum
321 863 436 898 trunci
461 866 496 896 et
522 862 659 896 caudae
687 866 917 904 excurrente,
946 862 1085 903 albida,
1113 860 1310 894 interstitiis
1338 860 1547 905 aequalibus
1566 859 1934 894 cinereo-maculata.
1968 859 2106 894 Lineae
2132 860 2257 904 capitis
2284 860 2376 894 sicut
2400 861 2438 894 in

214 931 369 975 reliquis.
422 929 559 964 Latera
585 929 702 963 trunci
729 932 764 962 et
790 929 945 970 caudae,
979 939 1046 962 nec
1078 939 1151 961 non
1184 929 1314 972 pedum
1347 939 1431 972 pars
1468 938 1617 971 supera,
1661 926 1793 970 pallide
1825 926 1924 960 lutea
1956 930 2056 970 sunt,
2090 927 2238 961 maculis
2274 928 2436 961 rotundis

212 997 480 1042 nigricantibus.
517 995 663 1030 Inferne
690 1008 819 1041 corpus
846 996 963 1030 cauda
989 999 1024 1028 et
1049 995 1161 1039 pedes
1188 998 1270 1028 sunt
1295 995 1536 1036 luteo-flava,
1564 994 1899 1038 nigro-maculata,
1926 995 2075 1028 maculis
2101 994 2298 1038 majoribus
2324 994 2436 1028 mino-

212 1066 368 1099 ribusve.
422 1063 574 1098 Maxilla
599 1063 748 1097 inferior
773 1064 898 1097 subtus
926 1066 961 1096 et
986 1062 1147 1107 margine
1181 1062 1320 1106 punctis
1347 1073 1412 1096 seu
1443 1062 1594 1095 maculis
1628 1061 1763 1106 aliquot
1795 1061 2050 1106 nigricantibus
2087 1073 2280 1106 conspersa
2307 1065 2362 1095 est
2387 1081 2435 1086 —

211 1132 311 1166 Inter
337 1142 452 1176 pauca
480 1132 657 1176 quaedam
684 1131 811 1164 horum
838 1129 989 1164 marium
1015 1129 1217 1172 individua,
1251 1140 1362 1163 unum
1388 1129 1484 1173 cepi,
1519 1140 1592 1163 una
1617 1139 1697 1162 cuni
1729 1129 1940 1173 quibusdam
1965 1129 2108 1163 feminis
2133 1129 2349 1171 immaturis,
2383 1129 2435 1162 in-

211 1200 274 1234 itio
303 1199 441 1244 Aprilis
468 1199 504 1232 in
530 1199 633 1242 sylva
660 1199 742 1232 sub
770 1196 947 1232 cortice
974 1195 1079 1231 Pini
1113 1197 1400 1239 demortuae,
1434 1197 1541 1241 longe
1566 1197 1709 1242 lateque
1737 1196 1967 1230 circumcirca
1993 1207 2086 1241 aqua
2110 1196 2209 1230 nulla
2234 1199 2433 1241 stagnante.

795 1314 863 1349 IV.
923 1312 1285 1349 FEMINAE
1337 1312 1847 1349 IMMATURAE.

362 1400 519 1435 Tuber
556 1411 607 1434 an
618 1400 709 1441 ale,
745 1398 808 1432 vix
834 1398 1087 1443 protuberans,
1124 1401 1314 1443 angustum
1351 1402 1423 1441 est,
1461 1399 1553 1432 sicut
1578 1398 1614 1432 in
1640 1398 1783 1432 feminis
1808 1397 1976 1440 maturis,
2018 1397 2083 1431 sed
2115 1408 2286 1442 rugarum
2319 1401 2432 1431 trans-

209 1469 403 1503 versalium
430 1468 527 1501 nullo
554 1467 729 1511 vestigio,
762 1466 923 1510 margine
949 1465 1061 1499 rimae
1087 1465 1286 1499 incrassato
1314 1469 1349 1500 et
1375 1466 1577 1508 crenulato,
1611 1465 1704 1499 sicut
1739 1465 1776 1499 in
1801 1465 1960 1499 maribus
1986 1464 2194 1500 immaturis.
2254 1464 2432 1499 Existimo

209 1540 345 1577 autem,
374 1536 464 1569 haec
490 1534 675 1568 individua
700 1533 853 1567 feminas
879 1544 971 1575 esse,
1001 1528 1246 1576 cum'majora
1272 1544 1407 1576 eorum,
1443 1533 1586 1578 aequali
1612 1544 1693 1567 cum
1718 1533 1877 1567 maribus
1899 1532 2099 1566 immaturis
2121 1532 2307 1577 descriptis
2333 1543 2432 1577 mag-

208 1603 386 1645 nitudine,
433 1606 589 1652 attamen
616 1613 682 1635 nec
708 1601 803 1634 linea
839 1600 982 1634 elevata
1008 1600 1141 1634 dorsali
1177 1601 1509 1646 nigro-maculata,
1555 1611 1622 1634 nec
1655 1601 1780 1634 tubere
1816 1600 1911 1634 anali
1945 1600 2036 1634 adeo
2079 1603 2324 1645 turgescente,
2364 1611 2432 1634 nec

207 1670 356 1704 maculis
389 1669 585 1713 majoribus
621 1668 879 1713 nigricantibus
905 1668 1096 1712 gaudeant.

358 1736 622 1781 Longitudo
650 1734 791 1769 8—17
816 1735 1001 1769 linearum.
1055 1733 1183 1769 Gauda
1210 1747 1359 1780 corpore
1392 1736 1499 1780 paulo
1526 1734 1689 1778 brevior,
1726 1734 1908 1769 rarissime
1943 1734 2021 1778 eJus
2047 1734 2281 1779 longitudine.
2342 1732 2431 1767 Cor-

205 1816 271 1849 pus
298 1815 408 1848 supra
432 1802 718 1844 verruculis,
759 1802 916 1846 speciem
948 1802 1199 1846 punctulorum
1235 1803 1508 1847 praebentibus,
1554 1802 1656 1847 quasi
1689 1802 1909 1846 adspersum.
1978 1800 2174 1836 Dorsum
2209 1802 2430 1846 depressum,

203 1872 300 1906 linea
325 1870 575 1916 longitudinali
600 1870 719 1904 media
746 1869 911 1903 distincta
937 1869 1191 1914 subimpressa.
1244 1869 1442 1905 Maxilla
1466 1870 1681 1914 superior
1706 1869 1866 1914 margine
1892 1868 2024 1913 ubique
2050 1872 2169 1911 recto,
2205 1880 2273 1902 nec
2299 1879 2430 1912 appen-

203 1940 359 1973 diculato
387 1959 436 1963 —
463 1937 604 1972 Color
630 1948 738 1981 supra
766 1937 1202 1982 ocia-aceo-ferrugineus
1229 1941 1291 1970 aut
1325 1938 1457 1981 pallide
1492 1937 1890 1978 ochi-aceo-cinereus,
1931 1936 2026 1969 linea
2051 1936 2170 1969 media
2202 1935 2337 1969 dorsali
2371 1935 2429 1969 vel

204 2007 394 2041 concolore
420 2005 479 2038 vel
504 2005 695 2038 flavicante
723 2007 784 2037 aut
808 2004 1052 2047 fuscescente3
1086 2005 1181 2037 linea
1207 2004 1347 2038 laterali
1374 2005 1471 2038 dorsi
1496 2006 1600 2038 fusca
1626 2004 1877 2038 subundulata.
1911 2002 2048 2037 Latera
2073 2003 2132 2036 vel
2148 2002 2279 2048 pallide
2306 2002 2430 2037 ochra-

200 2074 413 2114 ‘ceo-lutea,
444 2073 503 2105 vel
528 2071 891 2115 fusco-ferruginea,
928 2071 1105 2104 abdomen
1131 2082 1258 2105 versus
1286 2072 1490 2115 pallidiora,
1528 2071 1704 2104 interdum
1732 2071 2010 2112 einerascentia,
2047 2070 2164 2104 rarius
2190 2070 2339 2104 maculis
2367 2071 2428 2105 ob-

204 2140 423 2176 scurioribus
451 2138 632 2172 obsoletis.
685 2138 832 2172 Inferne
861 2149 991 2182 corpus
1019 2142 1130 2171 totum
1167 2139 1544 2182 pallide-ochraceum
1581 2141 1636 2172 est
1670 2138 1892 2184 (abdomine,
1931 2138 2076 2172 animali
2109 2138 2215 2180 vivo,
2251 2138 2428 2171 aurantia-

204 2212 281 2251 co),
319 2207 495 2241 interdum
522 2205 711 2239 abdomine
738 2205 875 2249 punctis
902 2205 1081 2239 nonnullis
1107 2206 1391 2240 fuscescentibus
1418 2217 1629 2250 consperso,
1663 2206 1907 2250 magnitudine
1933 2216 2155 2250 numeroque
2180 2205 2426 2247 variabilibus,

201 2276 413 2321 quibusdam
439 2274 558 2307 rarius
585 2274 700 2306 latera
726 2284 854 2306 versus
881 2272 918 2305 in
944 2273 1075 2306 lineam
1102 2273 1397 2317 longitudinalem
1424 2274 1694 2307 confluentibus.
1755 2272 1874 2318 Caput
1906 2273 2222 2318 quadrilineatum,
2264 2272 2356 2306 sicut
2388 2272 2424 2306 in

200 2342 512 2383 antecedentibus3
545 2340 648 2373 lineis
676 2343 831 2372 attamen
858 2339 1034 2373 interdum
1069 2340 1239 2373 obsoletis
1264 2360 1313 2365 ——
1354 2339 1484 2374 Plures
1517 2341 1592 2385 legi
1624 2341 1667 2373 in
1702 2340 1858 2383 siccis,
1900 2352 1987 2374 vere
2021 2344 2057 2374 et
2090 2344 2279 2383 autumn03
2320 2351 2424 2385 quas-

202 2412 284 2444 dam
312 2421 394 2443 cum
420 2420 519 2442 mare
545 2407 733 2440 immaturo
761 2407 841 2439 sub
877 2406 1052 2439 cortice
1078 2405 1201 2448 Pini,
1237 2407 1281 2440 de
1307 2418 1376 2450 quo
1404 2408 1570 2441 conferas
1597 2408 1762 2451 paginam
1791 2408 2069 2441 antecedentem.

351 2477 412 2510 Ad
439 2476 504 2509 has
541 2474 693 2508 feminas
728 2473 936 2507 immaturas
975 2476 1137 2517 spectant
1172 2473 1474 2508 Salamandra
1508 2474 1674 2518 exigua
1699 2473 1901 2507 Lacunam
1930 2485 1962 2518 p.
1979 2473 2046 2516 41,
2075 2475 2146 2508 tab.
2163 2473 2227 2507 III
2253 2472 2352 2518 fig.4
2374 2494 2422 2498 —

200 2545 355 2578 Lacerta
391 2542 595 2576 taeniata
621 2541 746 2574 ‘lVOLF
773 2540 810 2573 in
839 2540 1005 2574 STURMII
1039 2540 1167 2574 Fauna
1180 2539 1243 2575 III
1268 2541 1357 2575 fasc.
1382 2540 1424 2583 3,
1452 2541 1523 2575 tab.
1547 2540 1583 2575 3.
1606 2553 1628 2574 c·
1655 2562 1703 2566 -—
1743 2540 1835 2576 Der
1867 2541 2021 2576 kleine
2050 2540 2419 2576 Teichsalaman-

200 2613 278 2646 der
313 2611 531 2645 Brcns‘rfflN
558 2610 630 2642 tab.
647 2608 693 2643 21
722 2608 780 2652 fig.
797 2607 830 2642 3.
854 2606 889 2642 4.

552 2725 596 2761 V.
648 2724 983 2761 INDIVIDUA
1026 2725 1320 2769 INCERTA;
1368 2726 1446 2761 AN
1479 2725 1684 2762 MARES
1728 2725 2069 2763 IMMATURIZ

1103 2799 1251 2835 (Tabula
1274 2799 1358 2840 XII,
1399 2800 1452 2840 fig.
1475 2801 1517 2840 1.)

348 2878 609 2923 Longitudo
639 2877 686 2918 1÷
709 2877 888 2921 pollicum.
942 2875 1070 2910 Gauda
1105 2877 1231 2910 eadem
1257 2877 1490 2921 longitudine.
1543 2876 1712 2911 Truncus
1740 2882 1775 2911 et
1800 2878 1931 2928 cauda.
1948 2889 2056 2922 supra
2083 2876 2418 2918 rufo-brunnei,

199 2947 406 2980 verrucis
433 2946 555 2990 parvis
582 2945 755 2978 distinctis
790 2944 912 2987 obsiti3
954 2944 1049 2977 linea
1074 2944 1231 2986 laterali,
1265 2944 1327 2977 ubi
1354 2944 1498 2977 dorsum
1525 2955 1590 2988 per
1621 2948 1731 2978 totam
1756 2946 2013 2990 longitudinem
2048 2945 2418 2989 obtuso-angulosum

199 3017 270 3054 est,
304 3014 493 3055 undulata,
528 3013 649 3054 fusca,
686 3011 746 3057 qui
773 3012 872 3045 color
900 3011 1005 3044 etiam
1032 3011 1147 3044 latera
1172 3011 1332 3055 corporis
1365 3011 1485 3055 tingit,
1528 3012 1592 3045 sed
1623 3016 1785 3046 ventrem
1818 3024 1944 3046 versus
1978 3013 2111 3046 sensim
2145 3011 2342 3053 evanescit,
2382 3010 2418 3043 in

198 3081 311 3113 altero
340 3080 521 3112 individuo
548 3080 661 3113 latera
688 3079 836 3112 maculis
862 3079 983 3122 parvis
1010 3079 1266 3123 nigricantibus
1293 3078 1463 3112 obsoletis
1489 3083 1612 3112 notata
1637 3083 1729 3113 sunt.
1782 3079 1930 3113 Inferne
1956 3091 2085 3123 corpus
2111 3082 2223 3112 totum
2248 3078 2328 3110 leve
2351 3081 2435 3126 est,>

197 3149 330 3191 absque
357 3146 534 3187 verrucis,
572 3146 944 3188 dilute-ochraceum,
981 3146 1257 3179 immaculatum.
1311 3144 1428 3189 Caput
1454 3157 1606 3190 superne
1641 3147 1956 3190 quadrilineatum,
1991 3147 2082 3180 sicut
2113 3145 2148 3178 in
2174 3145 2336 3189 reIIqui53
2370 3144 2415 3178 ab

198 3219 348 3258 utraque
375 3224 461 3245 nare
487 3224 614 3255 nempe
642 3213 803 3245 oriuntur
830 3213 923 3246 duae
950 3213 1083 3254 lineae,
1120 3224 1139 3245 e
1165 3212 1343 3255 punctulis
1368 3213 1479 3257 nigris
1507 3213 1676 3247 confertis
1715 3215 1950 3258 compositae,
1985 3223 2134 3257 quarum
2168 3222 2257 3254 una,
2299 3222 2414 3256 eaque

197 3281 358 3321 brevior,
392 3290 501 3323 supra
528 3279 687 3320 oculum,
723 3279 834 3312 altera
859 3280 1000 3323 longior
1026 3292 1090 3324 per
1117 3279 1258 3312 oculum
1284 3279 1399 3322 ipsum
1427 3280 1471 3313 ad
1498 3279 1683 3313 humerum
1711 3292 1823 3325 usque
1857 3281 2005 3313 ducitur.
2064 3278 2255 3312 Maxilla
2288 3289 2412 3322 supe-

196 3349 290 3381 rior
316 3347 476 3391 margine
503 3349 620 3387 recto,
654 3346 819 3389 nulloque
848 3347 1052 3389 appendicis
1079 3347 1242 3390 vestigio.
1295 3345 1369 3379 Per
1394 3347 1550 3380 medium
1583 3348 1681 3381 dorsi
1714 3348 1828 3381 trunci
1863 3351 1897 3380 et
1929 3346 2065 3379 caudae
2100 3346 2221 3379 linea
2254 3345 2411 3379 excurrit

197 3415 376 3447 elevata
405 3413 609 3457 (vestigium
636 3411 821 3453 cristaetm
855 3412 978 3445 similis
1012 3414 1107 3446 linea
1141 3413 1284 3446 elevata
1310 3413 1435 3455 etiam,
1477 3415 1523 3447 ad
1556 3425 1662 3448 anum
1696 3419 1790 3456 orta,
1832 3425 1896 3458 per
1927 3413 2183 3457 longitudinem
2216 3412 2326 3457 partis
2359 3412 2411 3445 in-

195 3481 317 3514 fernae
344 3481 480 3513 caudae
508 3479 674 3513 excurrit.
727 3478 874 3512 Pedes
901 3480 1027 3522 postici
1054 3480 1248 3514 crassiores
1275 3484 1356 3513 sunt
1383 3491 1489 3524 quam
1516 3481 1633 3515 antici.
1687 3482 1841 3515 Tuber
1867 3480 1998 3514 anale
2026 3481 2111 3519 (tab.
2128 3479 2207 3513 XII
2240 3479 2354 3524 figura
2368 3478 2410 3512 II

196 3547 437 3591 magnitudine
465 3550 583 3588 aucta)
611 3546 706 3579 haud
732 3546 874 3590 quidem
902 3557 1014 3590 aeque
1041 3547 1222 3591 turgidum
1249 3551 1302 3581 est
1329 3558 1370 3581 ae
1397 3547 1432 3581 in
1459 3549 1616 3582 maribus
1644 3548 1810 3589 maturis,
1847 3559 1913 3581 nec
1940 3547 2089 3592 spinulis
2117 3550 2308 3588 armatum,
2342 3546 2406 3580 sed
