2632 3890
271 79 334 122 42
1187 72 1561 108 BATRACHIA.

269 191 333 224 sub
360 188 501 222 nomine
528 185 681 219 Ranae
707 183 1029 226 canerivorae3
1063 183 1189 223 minus,
1227 182 1331 226 idque
1357 181 1450 216 faeie
1477 181 1592 216 infera
1619 183 1778 227 eorporis
1812 184 1930 218 albida
1957 185 2201 225 immaculata,
2243 185 2309 218 sub
2336 185 2478 218 nomine

268 256 421 290 Ranae
456 250 757 286 limnocharis
792 249 950 284 KUHLu.

417 319 657 354 conferantur
682 328 774 363 quac
800 317 846 351 ad
873 316 1003 360 Hylam
1029 316 1369 359 leucomystace
1381 327 1433 359 m,
1471 327 1505 350 n.
1533 314 1568 358 4,
1595 316 1726 350 monui.

910 585 983 628 12.
1087 584 1826 628 R.OCELLATA.

259 715 416 750 Pectore
443 712 679 761 bismstillam,
701 712 853 758 plantis
868 710 1000 760 fi381'33
1026 709 1139 745 dorso
1161 707 1401 759 pedibusque
1417 709 1618 758 ficreiatis,
1646 710 1942 758 hypoehondriis
1960 717 1998 746 et
2011 710 2228 759 femoribus
2253 715 2473 749 maculatis.

403 848 505 882 Idem
531 847 713 891 specimen
740 859 759 881 e
792 840 917 882 inusco
945 846 1095 891 Lampei
1122 857 1243 880 eoram
1269 845 1403 888 habeo,
1431 847 1527 891 quod
1563 846 1783 880 SCHNEmER
1818 858 1899 892 pag.
1938 847 2009 881 117
2043 848 2239 893 descripsit.
2292 848 2387 883 Huic
2413 849 2472 882 dc-

253 915 435 959 scriptioni
460 915 510 948 nil
535 915 606 948 nisi
631 918 734 949 notas
760 916 931 960 quasdam
957 915 1104 948 addam:
1132 913 1276 955 Ranae,
1304 917 1476 958 quotquot
1501 925 1624 948 earum
1651 915 1864 957 examinavi,
1898 915 2058 960 margine
2092 916 2269 950 anteriore
2304 916 2473 950 maxillae

251 983 430 1018 inferioris
458 983 716 1016 tuberculis
744 983 892 1016 tribus
929 982 1289 1015 dentiformibus
1317 985 1396 1023 aut,
1424 981 1455 1015 si
1481 982 1614 1023 mavis,
1651 982 1923 1026 emarginaturis
1950 983 2107 1025 duabus,
2158 984 2351 1017 instructae
2378 988 2470 1018 sunt.

251 1050 355 1084 Rana
382 1050 534 1084 ocellata
560 1050 699 1083 duobus
726 1050 932 1083 lateralibus
959 1049 1099 1082 illorum
1127 1049 1392 1082 tuberculorum
1419 1053 1526 1091 earet,
1554 1049 1670 1081 medio
1698 1050 1775 1082 solo
1803 1050 1931 1094 insigni
1959 1054 2097 1092 erect0,
2125 1051 2324 1084 scrobiculo
2345 1051 2471 1084 maxil-

249 1119 306 1151 lae
333 1117 526 1161 superioris
553 1118 790 1160 respondente
816 1137 865 1141 -—
893 1116 1114 1150 SCHNEmER
1142 1116 1330 1159 descripsit
1356 1117 1645 1149 tuberculum
1672 1117 1873 1150 aculeatum
1899 1118 1993 1151 infra
2018 1118 2181 1162 utrinque
2208 1118 2263 1151 ad
2290 1118 2471 1151 initium

248 1185 423 1219 humeri
449 1196 530 1218 cum
555 1185 691 1217 minore
714 1185 821 1227 juxta
847 1184 882 1217 in
910 1187 1138 1227 conspectum
1164 1183 1333 1226 veniens,
1380 1184 1444 1216 sed
1471 1183 1634 1216 distincte
1661 1184 1825 1228 utrinque.
1852 1185 1920 1217 tria
1955 1186 2141 1218 tubercula
2175 1185 2299 1227 video,
2343 1196 2470 1229 nempe

248 1254 317 1286 duo
345 1253 484 1285 minora
509 1263 589 1285 cum
616 1252 751 1294 majore
778 1251 895 1284 medio
930 1272 978 1275 —
1022 1250 1205 1295 Insignem
1232 1250 1486 1294 digitorum
1523 1254 1823 1284 structuram
1859 1251 2080 1285 SCUNEHOER
2114 1252 2245 1296 optime
2272 1252 2468 1297 descripsit.

245 1320 444 1353 Juncturae
472 1319 700 1352 articulorum
727 1318 918 1362 digitorum
944 1319 1070 1352 subtus
1104 1319 1195 1351 callo
1232 1329 1352 1351 crasso
1381 1321 1507 1351 auctae
1533 1322 1636 1361 sunt,
1680 1329 1702 1351 a
1728 1319 1818 1352 callo
1846 1319 1960 1352 basali
1987 1319 2088 1364 digiti
2114 1320 2243 1354 interni
2270 1321 2469 1365 plantarum

246 1388 291 1421 ad
317 1388 451 1420 calcem
478 1397 590 1430 usquc
619 1386 749 1418 similis·
769 1386 931 1418 ascendit
957 1386 1049 1429 plica
1075 1386 1127 1419 uti
1153 1386 1188 1418 in
1216 1384 1259 1419 R.
1288 1385 1519 1418 subsaltantc.

396 1453 453 1487 De
481 1453 586 1496 hujus
614 1453 747 1496 speciei
773 1453 978 1496 synonymis
1006 1452 1074 1486 huc
1101 1456 1263 1497 spectant
1294 1451 1338 1486 R.
1378 1452 1581 1485 ocellata
1616 1451 1725 1486 LINN.
1764 1451 1880 1486 San.
1908 1451 2035 1487 MERR.
2071 1452 2115 1488 R.
2143 1455 2467 1499 pentadactyla

242 1521 366 1555 LAUR.
393 1532 459 1554 nec
485 1532 556 1553 non
583 1519 708 1553 SEBAE
739 1519 918 1553 Thesaur.
946 1519 986 1562 I,
1022 1521 1092 1554 tab.
1121 1518 1168 1553 75
1196 1519 1253 1564 fig.
1285 1520 1324 1561 1,
1359 1520 1442 1553 licet
1468 1520 1503 1552 in
1530 1519 1597 1553 hae
1625 1519 1727 1552 icone
1753 1520 1871 1553 forma
1898 1524 1932 1554 et
1958 1522 2142 1565 proportio
2170 1522 2361 1566 digitorum
2388 1534 2466 1567 per-

244 1600 368 1633 peram
396 1587 578 1621 exhibitae
605 1588 687 1621 sint.
717 1585 890 1629 GMELJN,
933 1591 1079 1631 penta
1091 1588 1112 1620 d
1125 1588 1287 1630 actyla
1299 1598 1334 1620 ln
1362 1591 1397 1620 et
1423 1587 1664 1620 ocellatam
1699 1587 1736 1620 in
1763 1588 1852 1621 duas
1879 1588 2016 1631 species
2043 1589 2256 1633 sejungens,
2299 1591 2344 1623 ad
2371 1590 2467 1624 illam

241 1660 337 1689 recte
364 1656 486 1688 laudat
513 1654 638 1688 SEBAE
666 1655 805 1688 iconem
832 1655 1033 1699 allegatam,
1063 1655 1108 1688 ad
1136 1655 1380 1688 ocellatain
1407 1658 1526 1687 autem
1552 1653 1677 1688 SEBAE
1704 1654 1734 1696 I,
1764 1656 1834 1688 tab.
1861 1654 1910 1688 76
1937 1655 1995 1700 fig.
2026 1656 2058 1697 1,
2087 1667 2178 1700 quae
2204 1668 2292 1690 vero
2319 1658 2466 1692 Bufo-

241 1734 337 1756 nem
363 1722 596 1755 marinum
624 1721 769 1755 exhibet
795 1742 843 1746 —
870 1722 1088 1755 BECHSTEIN
1117 1721 1269 1765 (LACEP.
1298 1722 1506 1757 Uebcrsetz.
1534 1720 1584 1755 II.
1613 1732 1692 1766 pag.
1722 1721 1806 1763 383,
1835 1723 1905 1756 tab.
1934 1722 1983 1756 30
2009 1723 2066 1768 fig.
2095 1724 2293 1768 superiore)
2327 1725 2467 1759 iconem

240 1790 365 1824 Smmz
392 1788 423 1831 I,
452 1790 522 1822 tab.
550 1786 598 1822 75
625 1788 685 1833 fig.
717 1788 747 1822 1.
776 1789 927 1832 repetiit.
955 1809 1003 1813 —

389 1855 456 1890 La
481 1856 814 1900 mougissante
849 1855 1085 1898 Licin-nom,
1130 1856 1326 1889 secundum
1354 1855 1506 1900 plurima
1534 1856 1660 1897 citata,
1706 1856 1752 1890 ad
1778 1855 1870 1889 hanc
1896 1857 2052 1900 speciem
2078 1857 2205 1890 referri
2232 1858 2355 1901 debet,
2400 1860 2465 1893 sed

240 1923 430 1967 descriptio
458 1923 554 1956 haud
581 1923 732 1967 quadrat
764 1943 812 1947 —
854 1922 981 1956 Rana
1008 1923 1211 1956 ocellata
1248 1922 1433 1956 DAUDINH
1461 1923 1497 1955 in
1523 1922 1759 1956 LATREILLEI
1788 1922 1880 1956 Hist.
1916 1922 2018 1967 Rept.
2052 1923 2103 1958 II.
2139 1936 2158 1957 e
2191 1925 2336 1959 laudata
2362 1927 2463 1960 icone

237 1991 410 2032 SEBANA,
440 1990 566 2023 eadem
593 1993 647 2023 est
673 2002 753 2023 cuin
780 1994 922 2030 nostra,
951 1990 1015 2023 scd
1042 1989 1086 2023 R.
1114 1990 1296 2034 pipicus
1324 1994 1358 2023 et
1384 1990 1618 2031 halecina,
1655 2001 1742 2034 quas
1771 1994 1895 2023 auctor
1921 2002 2002 2024 cum
2028 1991 2095 2024 hae
2121 1993 2240 2035 speeie.
2267 1994 2463 2037 conjunxit,

238 2059 271 2091 ei
299 2058 436 2091 alienae
463 2060 555 2090 sunt.
583 2077 631 2080 —
684 2056 727 2089 In
755 2056 845 2090 IIist.
874 2055 978 2100 Rept.
1006 2056 1072 2090 IV.
1107 2068 1188 2102 pag.
1217 2056 1292 2090 297
1326 2060 1360 2089 et
1388 2056 1460 2090 298
1487 2056 1709 2090 LATREHAAE
1738 2058 1956 2092 differentias
1983 2059 2167 2102 specificas
2194 2061 2460 2105 lnugientis‚

237 2125 466 2159 ocellatac
494 2128 529 2157 et
554 2123 775 2168 pipientis
802 2124 966 2157 restituit.
1027 2123 1085 2157 De
1112 2123 1157 2158 R.
1185 2123 1386 2157 ocellata
1412 2123 1597 2157 DAUDINH
1626 2125 1753 2158 dubius
1790 2124 1942 2167 haereo,
1987 2137 2068 2159 cum
2094 2138 2166 2160 non
2193 2128 2308 2161 solum
2335 2128 2460 2173 digito-

235 2203 314 2226 rum
347 2193 464 2225 forma
498 2194 533 2223 et
566 2191 794 2234 proportione
830 2194 932 2234 (quas
965 2191 1107 2235 quidem
1143 2191 1257 2235 pictor
1293 2194 1354 2224 aut
1389 2191 1547 2234 sculptor
1580 2191 1617 2224 in
1651 2191 1815 2225 omnibus
1853 2193 1971 2236 operis
2007 2192 2242 2226 DAUDIMAM
2277 2195 2373 2229 ranis
2399 2207 2459 2229 ne-

236 2259 393 2303 glexisse
421 2258 594 2300 videtur),
637 2258 700 2290 sed
728 2257 834 2290 etiam
861 2254 1006 2300 picturis
1034 2261 1068 2290 et
1095 2258 1243 2291 maculis
1272 2258 1507 2298 ocellarihus,
1553 2269 1575 2290 a
1601 2262 1723 2291 nostra
1749 2270 1838 2291 rana
1865 2260 2057 2303 discrepet,
2094 2271 2175 2293 nam
2204 2260 2270 2294 hae
2298 2264 2459 2298 maculae

236 2327 408 2359 ocellares
436 2326 485 2358 ita
512 2336 591 2357 esse
619 2324 748 2357 debent
775 2324 825 2357 uti
852 2323 1005 2357 SEBANA
1033 2324 1113 2357 icon
1140 2335 1202 2357 eas
1229 2324 1394 2366 exhibet,
1422 2325 1444 2358 i.
1473 2336 1504 2358 e.
1533 2325 1714 2358 dimidiato
1741 2326 1865 2359 fuscae
1892 2330 1926 2359 et
1953 2327 2114 2370 griseae,
2150 2329 2334 2363 oculorum
2360 2331 2460 2365 limo-

237 2404 316 2427 rum
343 2392 499 2436 speeicm
527 2392 756 2435 praebentes,
784 2402 851 2424 nec
877 2402 964 2424 vero
992 2391 1096 2424 ocelli
1121 2391 1215 2424 fusci
1241 2392 1400 2436 margine
1427 2392 1632 2435 pallidiore,
1661 2393 1783 2436 quales
1811 2392 1892 2426 icon
1913 2392 2096 2427 Dimum
2126 2394 2242 2429 habet.
2296 2397 2459 2432 HARLAN

236 2471 377 2504 quoque
420 2460 469 2498 (in
504 2458 661 2493 Americ.
697 2458 826 2491 Journ.
862 2458 904 2492 of
934 2458 1085 2492 Sciencc
1120 2459 1167 2501 by
1201 2458 1365 2492 Silliman
1398 2458 1445 2492 X.
1482 2470 1514 2502 p.
1549 2458 1622 2499 63.)
1658 2458 1885 2493 DAUDINIUM
1918 2460 2146 2504 reprehendit
2182 2463 2226 2495 (le
2254 2463 2321 2497 hac
2347 2476 2459 2508 prava

237 2528 359 2568 icone,
398 2537 463 2559 nec
489 2537 576 2559 vero
605 2525 881 2569 descriptionem
907 2526 1091 2559 meliorem
1118 2526 1316 2567 substituit,
1353 2527 1417 2559 sed
1443 2527 1604 2559 maculae
1632 2526 1738 2570 hujus
1765 2538 1874 2560 ranae
1902 2528 1934 2560 ei
1961 2539 2101 2573 quoque
2126 2530 2251 2563 fuscae
2278 2536 2359 2565 sunt
2385 2533 2458 2577 pal-

236 2594 515 2627 lide-limbatae.
568 2592 723 2626 DAL‘mN
752 2593 857 2625 etiam
884 2593 1013 2634 refert,
1042 2593 1226 2626 tubercula
1252 2594 1459 2637 pectoralia,
1488 2605 1638 2638 quorum
1665 2593 1885 2627 SCHNfflDER
1912 2595 2125 2630 mentionem
2150 2598 2252 2639 fecit,
2282 2601 2459 2644 exempla-

236 2662 333 2693 ribus
361 2672 426 2694 sex
453 2660 567 2693 musei
594 2659 810 2692 Parisiensis
839 2660 980 2693 omnino
1009 2661 1154 2703 deesse3
1191 2661 1272 2701 sed,
1301 2664 1390 2694 teste
1417 2660 1661 2694 Scummmno
1689 2661 1785 2705 ipso,
1813 2673 1846 2706 p.
1876 2662 1959 2704 118,
1986 2662 2075 2697 haec
2103 2665 2286 2699 tubercula
2311 2678 2458 2702 numero

238 2728 395 2768 variant,
437 2728 629 2771 forsanque
657 2727 833 2759 interdum
860 2727 963 2770 plane
991 2727 1116 2760 deesse
1143 2731 1289 2771 possent
1314 2747 1362 2752 —
1398 2726 1567 2760 Nonnulli
1595 2732 1759 2761 auctores
1787 2729 1833 2762 ad
1858 2729 1949 2762 hane
1977 2731 2132 2773 speciem
2159 2732 2342 2767 adhibent:
2385 2734 2457 2768 CA-

236 2804 352 2827 TESBY
382 2794 431 2827 ll.
460 2795 530 2827 tal).
559 2793 607 2827 69
636 2800 741 2838 (quae
770 2798 888 2827 antem
914 2794 1112 2835 Bufonem,
1151 2805 1172 2827 a
1198 2793 1242 2827 R.
1272 2794 1424 2827 ocellata
1449 2798 1561 2828 totum
1588 2795 1830 2837 differentem,
1869 2796 2046 2839 exhibet),
2073 2798 2241 2832 BROWNE
2269 2799 2454 2836 Jamaie.

238 2873 269 2905 p.
297 2861 370 2894 466
398 2861 473 2903 (nbi
499 2872 613 2904 pauca
639 2861 814 2905 quaedam
842 2861 885 2893 dc
913 2861 1052 2894 duobus
1079 2861 1281 2895 Batrachiis
1308 2865 1517 2903 narrantur,
1563 2873 1711 2906 quorum
1738 2873 1865 2905 unum,
1908 2863 1981 2896 the
2009 2868 2080 2897 toa
2092 2866 2131 2906 d,
2177 2867 2317 2910 generis
2344 2867 2456 2901 Rufo-

237 2939 321 2960 num
349 2931 413 2968 est,
442 2928 592 2961 alteriun
619 2931 756 2969 autem,
783 2939 872 2961 rana
898 2928 1042 2961 minima
1068 2929 1193 2972 palmis
1219 2928 1416 2973 plantisque
1442 2928 1554 2970 fissis,
1583 2930 1653 2962 tab.
1681 2928 1726 2962 41
1756 2929 1814 2973 fig.
1843 2929 1877 2971 4,
1906 2930 1999 2964 haud
2028 2933 2073 2964 ad
2100 2931 2143 2965 R.
2173 2933 2357 2967 ocellatam
2372 2946 2454 2979 qua-

242 2995 344 3035 drat,
373 2993 455 3037 quia
481 2994 619 3036 punctis
646 2995 767 3038 parvis
794 2995 946 3028 irrorata
974 2999 1048 3037 est,
1092 2996 1237 3039 picturis
1264 2996 1458 3039 majoribus
1493 3000 1610 3029 autem
1644 3000 1774 3038 caret),
1814 2995 1986 3030 CATEsBi‘
2016 2998 2072 3040 II,
2114 3000 2197 3032 tab.
2227 3000 2273 3033 72
2302 2999 2454 3043 (Ranam

237 3072 402 3105 magnam
429 3060 600 3102 viridem,
634 3062 782 3094 maculis
816 3062 1031 3104 minoribus,
1068 3063 1198 3107 ubique
1226 3064 1452 3107 aequalibus,
1487 3074 1551 3106 per
1576 3066 1685 3095 totam
1713 3064 1872 3107 corporis
1900 3068 2109 3109 artuumque.
2137 3066 2357 3108 superficiem
2385 3070 2454 3103 dis-

239 3128 373 3171 persis3
401 3139 492 3171 quae
520 3131 638 3160 autem
664 3127 759 3160 haud
787 3129 939 3162 ocellata
966 3133 1039 3171 est,
1074 3131 1138 3164 scd
1165 3142 1186 3163 a
1212 3129 1419 3163 ΜΕΗΗΕΜΙΟ
1448 3130 1493 3163 ad
1518 3130 1796 3173 mugientem
1824 3131 1985 3174 eitatur);
2026 3130 2200 3164 CiTizsm'
2229 3132 2279 3169 ΙΙ,
2307 3136 2375 3168 tab.
2406 3137 2454 3170 70

236 3195 319 3233 (huc
347 3194 441 3227 haud
468 3197 706 3238 spectantem,
744 3195 808 3227 sed
835 3196 880 3228 ad
907 3196 1080 3239 speeiem,
1116 3197 1152 3230 in
1179 3196 1456 3231 Naturforseher
1483 3196 1588 3230 Tom.
1617 3195 1769 3239 XVIII,
1806 3209 1887 3242 pag.
1918 3198 2006 3239 182,
2049 3199 2118 3231 tab.
2157 3198 2219 3232 lv.
2248 3201 2452 3246 exhibitam,

236 3272 257 3293 a
284 3262 529 3295 Senix‘mlffino
559 3265 592 3294 et
619 3259 827 3294 MERREMIO
856 3273 937 3294 eum
963 3262 1166 3306 pipiente
1190 3265 1375 3308 junctam).
1438 3264 1499 3297 Ad
1532 3263 1621 3296 haec
1655 3264 1819 3297 conferre
1852 3265 1942 3297 velis
1979 3275 2070 3308 quae
2104 3267 2170 3299 sub
2209 3265 2334 3302 Rana
2359 3281 2451 3303 mu-

239 3328 414 3371 giente,
441 3340 474 3363 n.
503 3328 538 3370 9,
564 3328 697 3362 monui.
