2534 3890
1068 213 1113 247 x.
1169 210 1388 247 Mones.
2268 218 2332 261 79

126 333 193 361 nee
218 323 435 356 macularum
463 323 642 366 nigrarum
670 322 803 355 ventris
830 323 956 364 medii,
994 323 1057 356 sed
1086 326 1222 355 tantum
1258 322 1373 355 lineae
1400 320 1619 354 macularum
1654 321 1834 364 nigrarum
1869 323 2115 368 contiguarum
2150 325 2195 358 ad
2221 325 2335 360 latera

127 389 281 431 ventris,
316 390 530 423 mentionem
556 389 675 422 faciat.
730 389 883 423 Diuum·
912 391 993 423 citat
1022 390 1113 423 inter
1140 389 1228 422 alias
1265 390 1369 421 etiam
1412 388 1447 430 1)
1483 387 1827 421 Salamandram
1857 390 2120 434 japonicam
2154 403 2219 425 seu
2254 392 2335 426 La-

128 460 299 490 certam
321 456 580 500 japouicam
616 453 802 498 GMEMM,
847 468 954 501 quam
981 456 1167 496 Mannum,
1214 456 1279 488 sub
1307 456 1449 488 nomine
1483 454 1661 499 Molges
1694 455 1910 498 striatae,
1946 462 2042 491 recte.
2075 469 2139 502 pro
2166 459 2339 502 peculiari

128 524 247 567 specie
274 523 398 565 habet,
439 523 476 565 2)
503 522 732 557 Lacertae
760 525 1081 557 salamandrae
1110 520 1234 557 GnEL.
1262 533 1338 556 var.
1362 533 1395 562 ε,
1423 533 1514 566 quae
1541 526 1595 555 est
1621 521 1772 555 Salam
1784 522 1923 556 andra
1949 525 2119 569 exigua
2144 525 2268 560 LAUR.
2304 531 2339 560 et

130 591 176 624 ad
202 591 353 624 feminas
380 589 586 623 immaturas
613 590 719 634 hujus
752 595 896 624 nostrae
929 594 1065 634 spectat
1091 610 1138 614 —
1188 588 1350 623 Salam.
1389 589 1536 621 cincta
1563 588 1748 624 linum-11
1784 600 1865 633 pag.
1888 589 1960 624 259
1987 592 2174 626 manifeste
2201 594 2245 627 ad
2272 594 2338 628 has

128 656 271 702 Molges
298 657 475 691 taeniatae
501 658 671 700 feminas,
705 658 804 691 nullo
832 658 937 691 modo
966 660 1083 690 autem
1110 657 1156 690 ad
1182 656 1257 690 Sal.
1285 656 1438 689 cinctam
1465 654 1719 698 LATRElLLEJ,
1753 657 1943 690 referenda
1978 661 2031 690 est
2057 678 2105 683 —
2146 658 2204 692 De
2242 660 2337 694 Tri-

131 728 236 758 tone
263 725 491 758 carnifice
518 724 718 758 LAURENTl
746 736 779 769 p.
799 725 846 759 39
874 729 908 758 et
935 724 1238 758 Salamandra
1265 722 1490 757 carnifice
1517 722 1696 757 SanfflD.
1723 734 1804 767 pag.
1824 724 1887 765 71,
1923 735 2011 768 quos
2037 722 2205 759 MERREM
2232 726 2337 762 inter-

129 792 292 836 rogative
319 793 365 825 ad
392 791 578 837 Molgen
606 793 839 826 cinereum
875 792 912 834 (i.
932 803 962 825 e.
990 792 1159 825 feminam
1187 794 1248 824 aut
1272 801 1408 824 marem
1435 789 1659 822 inunaturum
1692 790 1797 833 hujus
1833 795 1977 824 nostrae
2004 792 2149 835 speciei)
2184 792 2338 835 adhibet,

129 858 225 892 haud
253 859 449 902 dijudicare
476 860 602 893 audeo.
655 859 891 900 Bnensmm,
928 870 1010 904 pag.
1038 858 1129 899 229,
1157 857 1249 898 230,
1276 857 1368 898 282,
1403 856 1604 896 existimat,
1643 867 1705 889 eos
1741 858 1931 891 varietates
1958 869 2059 892 raras
2094 859 2249 893 feminae
2275 860 2338 894 liu-

123 925 184 968 jus
211 926 345 969 speciei
372 937 470 969 esse3
507 938 574 971 ego
602 926 743 970 quidem
770 926 981 959 varietatem
1008 926 1099 958 adeo
1127 926 1315 957 obscuram
1342 924 1498 956 nondum
1524 923 1608 956 vidi.
1662 922 1703 956 Si
1736 923 1771 957 in
1799 925 2033 968 descriptione
2060 926 2337 961 LAUnEerANA

126 996 257 1036 puncta
284 993 366 1025 alba
392 994 543 1026 laterum
569 993 684 1026 trunci
710 997 908 1025 memorata
935 996 1072 1033 essent,
1100 991 1300 1024 carnificem
1320 1002 1383 1034 pro
1412 990 1595 1023 individuo
1617 990 1754 1032 juniori
1779 989 1954 1035 Molges
1981 993 2203 1036 palustris
2230 992 2336 1027 MER-

126 1068 233 1091 nfflun
264 1059 454 1100 haberem,
488 1070 580 1103 quae
606 1059 703 1092 haud
730 1071 810 1093 cum
838 1060 998 1103 ejusdem
1025 1059 1176 1092 nominis
1204 1058 1356 1092 Tritone
1382 1057 1582 1091 LAUnuNri
1610 1057 1734 1090 eadem
1768 1058 1905 1101 species
1933 1063 1995 1092 est.
2056 1059 2208 1094 Diuum
2246 1073 2335 1095 car-

125 1126 321 1159 nificem
348 1126 394 1159 ad
421 1125 578 1159 Salam
590 1127 777 1160 andram
815 1129 1058 1160 cristatam
1089 1126 1125 1169 (i-
1146 1137 1176 1159 e.
1206 1126 1251 1158 ad
1278 1128 1436 1158 nostram
1462 1123 1645 1168 Molgen
1671 1125 1934 1167 palustrem)
1969 1125 2145 1169 adhibuit3
2183 1126 2335 1162 GMELIN

125 1194 277 1228 eundem
304 1193 349 1227 ad
376 1193 585 1227 varietatem
612 1193 633 1229 ὃ
660 1193 891 1228 Lacertae
917 1193 1155 1234 lacustris,
1193 1193 1237 1226 (lc
1265 1203 1334 1236 qua
1361 1193 1527 1225 conferas
1554 1191 1647 1224 infra
1675 1190 1854 1235 Molges
1880 1192 2040 1236 igneae
2066 1194 2207 1237 femin„
2234 1196 2334 1229 rede-

125 1260 185 1305 git.
213 1281 261 1285 —
299 1260 630 1295 Salamandrae
670 1261 865 1306 exiguae
890 1261 1061 1296 femina
1095 1259 1278 1293 RUSCOMI
1314 1259 1384 1292 tab.
1405 1258 1425 1292 I
1452 1258 1509 1302 fig.
1532 1257 1584 1292 ΙΙ.

143 1384 174 1416 2.
218 1384 340 1425 Supra
363 1384 620 1416 oelrraceo-{mt
641 1384 970 1425 albedo-cinereae,
1005 1384 1151 1415 maculis
1183 1381 1442 1414 oh.2ea.1ri02·.··.4us,-
1473 1393 1692 1423 conspersae,
1721 1382 1823 1412 linei-s·
1851 1382 1983 1413 duabus*
2004 1383 2315 1427 longt'tzctlz‘nalibus

355 1445 477 1485 fuscis
500 1450 563 1475 met
584 1443 767 1482 brmmeae's5
797 1444 902 1485 ‘e'lgfra
923 1444 1068 1475 mac-ulis
1089 1441 1351 1487 ‹angrieunllbus
1373 1446 1436 1471 am*
1457 1441 1607 1471 rium-eis
1630 1460 1671 1463 —
1701 1440 1868 1480 (Tabulae
1886 1441 1934 1472 XI
1966 1440 2019 1482 fig.
2039 1442 2094 1483 H).

271 1528 472 1573 Longitu
482 1531 534 1564 do
564 1530 582 1564 1
600 1530 739 1574 pollicis
758 1534 793 1563 et
813 1529 919 1564 3-9
936 1530 1120 1563 linearum.
1149 1528 1276 1562 Gauda.
1295 1527 1455 1571 corporis
1474 1526 1704 1570 longitudine,
1728 1527 1786 1560 vel
1803 1527 1909 1570 paulo
1927 1528 2072 1561 brevior
2088 1529 2242 1573 paulove
2258 1530 2332 1564 lon-

124 1595 214 1640 gior.
243 1595 422 1640 Corpus
450 1598 746 1639 levissimum,
773 1598 849 1631 fere
873 1598 1007 1641 absque
1035 1596 1130 1630 omni
1149 1596 1302 1639 vestigio
1328 1594 1609 1635 verrucularum,
1638 1594 1850 1638 quibusdam
1871 1594 2062 1628 individuis
2084 1597 2238 1630 crassius
2261 1598 2334 1642 qui·

120 1663 271 1696 busdam
286 1665 479 1707 procerius.
509 1663 653 1709 Caput
672 1665 750 1698 aliis
770 1665 877 1708 paulo
895 1664 1069 1705 obtusius,
1095 1663 1174 1696 aliis
1193 1663 1298 1706 paulo
1316 1662 1464 1695 acutius.
1492 1660 1666 1694 Maxillac
1682 1661 1876 1704 superioris
1896 1673 2020 1706 margo
2039 1674 2165 1697 versus
2185 1665 2335 1708 angulos

120 1730 228 1763 rictus
255 1731 335 1774 plus
362 1731 477 1764 minus
505 1732 666 1765 deflexus
693 1735 727 1765 et
745 1732 1038 1764 membranaceus
1066 1734 1137 1773 est,
1170 1730 1231 1763 uni
1257 1729 1439 1762 individuo
1467 1740 1590 1772 margo
1608 1729 1727 1762 lateris
1755 1728 1889 1762 sinistri
1914 1729 2028 1773 magis
2055 1730 2215 1764 deflexus
2232 1743 2335 1776 quam

121 1808 246 1842 margo
262 1798 383 1832 lateris
400 1799 538 1841 dextri3
567 1799 669 1832 alteri
687 1798 777 1832 haec
804 1799 973 1843 marginis
993 1809 1076 1842 pars
1092 1798 1234 1831 deflexa
1250 1796 1356 1831 valde
1382 1796 1532 1840 insignis
1560 1798 1613 1829 est
1639 1799 1675 1828 et
1697 1796 1926 1839 appendicem
1953 1797 2260 1832 membranaceam
2277 1811 2332 1833 se-

120 1865 332 1899 milunarem
358 1866 528 1899 maxillae
555 1865 710 1900 exhibet.
763 1864 956 1899 Dorsum
982 1865 1261 1909 planiuscuhun3
1293 1863 1389 1898 linea
1414 1862 1532 1896 media
1557 1862 1804 1906 longitudinali
1826 1863 1884 1896 vel
1909 1863 2150 1908 subimpressa
2166 1866 2226 1899 vel
2251 1867 2333 1901 sub-

121 1932 273 1965 elevata.
326 1931 475 1966 Pedes
510 1933 589 1966 aliis
623 1933 831 1977 graciliores
865 1933 943 1966 aliis
978 1932 1174 1965 crassiores
1201 1935 1300 1973 sunt,
1345 1930 1508 1963 omuibus
1541 1933 1660 1962 autem
1693 1929 1800 1962 antici
1833 1930 2039 1974 graciliores
2065 1942 2170 1975 quam
2195 1934 2333 1977 postici.

120 1998 275 2032 Gauda
300 2010 523 2043 compressa,
566 2011 714 2044 anceps,
741 2000 949 2032 membrana
974 1998 1278 2043 perpemliculari,
1306 2008 1458 2041 superne
1487 1999 1521 2030 et
1547 1996 1685 2029 inferne
1712 2007 1791 2030 eam
1817 1997 1998 2041 cingente,
2034 1998 2159 2032 altiore
2186 2003 2247 2033 aut
2271 2000 2335 2035 hu-

120 2066 278 2108 miliore,
314 2070 428 2100 aucta.
482 2066 635 2101 Tuber
671 2066 802 2101 anale
834 2066 933 2111 rugis
960 2065 1278 2107 transversalibus,
1311 2064 1438 2098 rimam
1464 2063 1784 2106 circumdantibus,
1819 2064 2092 2100 obsoletioribus
2128 2070 2189 2099 aut
2214 2067 2335 2102 distin-

120 2133 308 2175 ctioribus,
341 2134 458 2168 rarius
486 2135 611 2168 ordine
638 2135 769 2178 duplici
795 2133 976 2178 dispositis
1001 2153 1050 2158 —
1077 2133 1185 2170 Quod
1213 2132 1258 2166 ad
1293 2131 1491 2165 colorem
1518 2133 1552 2163 et
1585 2130 1810 2174 picturas:
1862 2129 2021 2164 Dorsum
2054 2135 2108 2165 est
2143 2132 2332 2169 ochraceo-

118 2200 299 2234 cinereum
326 2204 387 2235 aut:
413 2201 797 2244 ochraceo-albidlun,
831 2200 1267 2245 subnigro·maculatum,
1300 2198 1405 2231 lineis
1431 2198 1569 2231 duabus
1596 2197 1928 2241 longitudinalibus,
1963 2199 2227 2243 subundulatis,
2261 2202 2332 2236 fer-

118 2268 412 2312 rugineo-fuscis
440 2272 501 2302 aut
525 2270 805 2312 rufescentibus,
841 2268 1118 2302 distinctioribus
1153 2269 1214 2300 aut
1241 2265 1527 2299 obsoletioribus.
1579 2264 1714 2298 Latera
1739 2265 1905 2308 pallidius
1932 2268 1993 2299 aut
2019 2266 2205 2301 obscurius
2238 2269 2331 2303 cine-

116 2346 198 2377 rea,
236 2336 412 2370 interdum
440 2348 520 2370 cum
547 2336 722 2371 ochraceo
748 2337 879 2378 mixta,
916 2337 1124 2380 plerumque
1148 2333 1286 2378 punctis
1314 2336 1349 2366 et
1373 2332 1521 2366 maculis
1550 2332 1671 2376 parvis
1699 2331 1963 2365 obscurioribus
1990 2333 2124 2367 crebris
2150 2335 2331 2379 adspersa.

118 2401 235 2447 Gaput
261 2414 369 2447 supra
396 2403 593 2445 cinereum,
628 2404 731 2437 lineis
757 2401 870 2437 4-5
899 2402 1182 2443 obscurioribus,
1211 2400 1388 2434 interdum
1414 2398 1672 2441 subobsoletis;
1706 2398 1800 2432 infra
1825 2399 1974 2441 ssavum,
2002 2399 2177 2435 interdum
2203 2403 2330 2438 atomis

116 2470 259 2503 minutis
287 2474 348 2504 aut
373 2471 511 2514 punctis
538 2471 688 2505 cinereis
715 2471 773 2505 vel
798 2470 1054 2514 nigricantibus
1081 2469 1301 2512 adspersum.
1355 2465 1493 2500 Venter
1517 2467 1633 2499 ssavus
1668 2465 1774 2508 (vivis
1801 2466 2022 2509 coccineus),
2056 2468 2193 2511 punctis
2219 2470 2330 2513 majo-

115 2537 214 2571 ribus
240 2537 502 2580 minoribusve,
538 2539 648 2583 nigris
676 2541 737 2571 aut
771 2538 942 2579 cinei-eis,
971 2540 1136 2578 ornatus,
1175 2534 1325 2568 maculis
1350 2534 1466 2567 rarius
1500 2533 1534 2566 in
1568 2533 1680 2566 lineas
1708 2535 1861 2577 quatuor
1894 2534 2160 2578 subdispositis3
2202 2536 2329 2571 latera-

115 2604 209 2637 libus
235 2605 413 2638 iuterdum
438 2605 474 2638 in
500 2606 631 2638 lineam
657 2605 949 2648 longitudiualem
977 2602 1245 2637 confluentibus.
1298 2600 1417 2634 Pedes
1445 2600 1538 2633 infra
1563 2599 1667 2641 ssavi,
1702 2610 1811 2643 supra
1844 2599 1976 2634 cinerei
2008 2602 2156 2636 maculis
2181 2604 2329 2637 nonnul-

116 2671 160 2704 lis
188 2671 464 2705 obscurioribus.
518 2671 645 2705 Gauda
671 2671 1040 2712 ochi-aceo-cinerea,
1074 2669 1222 2703 maculis
1248 2667 1455 2701 lateralibus
1489 2666 1756 2700 obscurioribus
1783 2667 1972 2710 obsoletis,
2005 2670 2211 2710 membrana
2236 2670 2328 2704 cine-

115 2749 178 2772 reo
188 2737 320 2772 -livida
346 2738 585 2772 immaculata.

296 2854 326 2884 3.
371 2853 493 2895 Supra
516 2853 845 2894 nemnem-albida,
877 2854 978 2884 lineis
1009 2851 1140 2882 duabus
1171 2848 1485 2894 longae'tmle'lmlt'hus
1502 2849 1756 2892 ferrugineis,-
1789 2849 1892 2889 iufra
1915 2849 2145 2881 immaculata.

264 2938 526 2984 Longitudo
555 2941 602 2981 1}
625 2940 802 2984 pollicum.
856 2938 982 2973 Gauda
1009 2937 1228 2982 longitudine
1262 2935 1433 2979 corporis.
1493 2933 1633 2977 Corpus
1667 2945 1775 2978 supra
1807 2933 2018 2968 verrucis
2051 2935 2170 2979 parvis
2204 2936 2325 2971 distin-

115 3005 179 3039 ctis
207 3006 370 3040 obsitum.
423 3005 617 3040 Dorsum
651 3007 928 3051 planiusculum3
968 3006 1062 3038 linea
1095 3004 1213 3037 media
1247 3000 1493 3045 longitudinali
1527 3001 1679 3034 elevata.
1740 2999 1896 3034 Gauda
1927 3001 2033 3035 basin
2065 3013 2192 3037 versus
2218 3005 2324 3048 paulo

113 3072 257 3106 tei-etior
283 3084 388 3117 quam
415 3073 450 3107 in
478 3074 787 3115 antecedentibus,
823 3085 930 3117 supra
957 3077 992 3106 et
1018 3073 1111 3105 infra
1137 3072 1233 3104 linea
1260 3070 1400 3102 elevata
1433 3067 1690 3111 longitudinali.
1743 3065 1965 3101 Maxillae
1998 3070 2200 3113 superiores
2234 3082 2324 3105 mar-

111 3139 193 3182 gine
219 3144 335 3181 recto,
372 3142 495 3174 nullibi
523 3142 674 3186 deflexo.
729 3141 884 3174 Tuber
911 3140 1044 3173 analc
1079 3139 1173 3171 eirca
1199 3137 1325 3170 rimam
1358 3135 1458 3179 plicis
1492 3133 1812 3175 transversalibus,
1850 3134 1941 3168 sieut
1973 3135 2009 3167 in
2036 3138 2322 3171 antecedentibus

112 3225 159 3229 -—
187 3204 327 3240 Golor
352 3219 461 3252 supra
488 3208 856 3248 oclu·aceo-albi(lus,
891 3207 1030 3251 punctis
1058 3205 1245 3249 perpaucis
1271 3203 1400 3243 fuscis,
1434 3201 1588 3244 sparsis,
1624 3200 1726 3234 lineis
1753 3201 1844 3234 sicut
1874 3201 1915 3234 in
1941 3204 2188 3246 antecedente3
2226 3204 2322 3237 linea

111 3272 245 3305 dorsali
271 3275 384 3307 trunci
411 3279 445 3308 et
480 3277 617 3309 caudae
652 3275 781 3308 albida.
842 3273 977 3307 Latera
1012 3272 1325 3312 albido-cinerea,
1366 3267 1504 3314 punctis
1537 3267 1650 3302 fuscis
1685 3268 1865 3302 obsoletis.
1922 3268 2024 3303 Infra
2056 3281 2183 3315 corpus
2208 3270 2320 3303 luteo·

109 3339 265 3373 albidum
291 3341 473 3375 sordidum
500 3348 564 3377 est.

260 3405 340 3439 Huc
367 3412 528 3451 spectare
555 3410 696 3443 videtur
722 3410 763 3442 la
790 3408 1089 3441 Salamandre
1117 3407 1196 3439 des
1230 3416 1263 3437 m
1274 3416 1295 3437 a
1306 3403 1399 3436 rais
1433 3400 1604 3434 SONMNH
1641 3400 1731 3434 Ilist.
1761 3400 1863 3445 RePt-
1882 3401 1922 3435 ῘῘ
1956 3413 1987 3444 Ρ·
2007 3401 2078 3435 243
2113 3402 2169 3446 fig·
2187 3402 2226 3444 ¹2
2262 3403 2319 3436 0¹¹5

109 3476 232 3506 auctor
258 3473 497 3508 Lacertam
526 3478 777 3521 palustrem
804 3474 938 3508 Limum
968 3473 1204 3513 consociavit,
1247 3471 1339 3514 quod
1374 3472 1490 3501 autem
1518 3467 1613 3502 haud
1647 3469 1798 3510 probare
1825 3479 1980 3511 possum.
2046 3467 2101 3501 De
2135 3468 2201 3503 hac
2228 3469 2314 3504 Lac.

108 3540 255 3582 palustri
283 3541 364 3574 vide
391 3541 502 3584 infra,
539 3545 602 3577 sub
630 3543 752 3587 Molge
780 3541 937 3587 palustri.
