2534 3890
1105 200 1148 235 V.
1195 199 1361 236 RUFO.
2274 208 2337 251 63

290 307 323 342 1.
376 307 627 342 Sibiricum
653 308 697 340 ab
724 306 916 352 indigenis,
945 313 1024 342 cute
1050 310 1165 354 magis
1190 321 1403 353 verrucosa,
1438 310 1558 351 colore
1584 315 1620 345 et
1644 311 1806 356 picturis,
1841 314 1967 348 differt.
2019 314 2139 360 Supra
2164 315 2342 350 cinereum

140 378 213 417 est,
247 376 408 410 verrucis
436 380 470 410 et
494 374 653 419 margine
680 378 829 409 externo
845 377 1044 419 parotidum
1071 376 1365 421 cinereo-nigris.
1418 377 1601 412 verrucae
1627 379 1782 422 majores
1806 382 1943 424 punctis
1969 382 2102 428 aliquot
2126 383 2237 428 nigris
2262 394 2343 417 con-

139 453 286 485 spersae
313 446 411 485 sunt,
445 453 537 487 quae
563 443 599 474 in
624 443 844 485 parotidibus
871 444 1025 487 speciem
1057 443 1228 487 praebent
1254 445 1534 479 scrobiculorum
1566 446 1822 490 poriformium.
1880 447 2000 484 Pedes
2034 451 2160 494 postici
2192 461 2343 496 superne

140 510 288 543 maculis
313 509 490 544 nonnullis
515 508 710 552 majoribus
737 510 1035 544 transversalibus
1061 509 1345 554 nigro-cinereis
1371 512 1486 546 ornati
1522 516 1613 547 sunt.
1667 511 1807 557 corpus
1833 517 1946 548 totum
1972 520 2007 549 et
2032 521 2129 551 artus
2155 518 2248 552 infra
2273 517 2345 551 albi

141 580 243 619 sunt,
269 576 590 621 nigro-maculati3
623 577 772 611 maxilla
797 577 965 610 inferiore
992 580 1110 610 tamen
1137 580 1210 610 tota
1236 578 1328 610 alba.
1380 577 1566 623 Reliquiae.
1593 580 1822 624 exuviarum,
1856 581 1988 624 passim
2014 584 2268 627 adhaerentes,
2309 584 2345 617 in

142 643 248 677 dorso
276 643 438 677 animalis
464 643 679 688 fuliginosae
706 648 787 678 sunt
814 648 875 678 aut
901 644 1291 687 obscuro-umbrinae,
1327 644 1363 678 in
1390 649 1513 679 ventre
1540 646 1746 682 ochraceae.
1806 647 1919 693 Digiti
1946 649 2046 693 apice
2078 651 2227 685 brunnei
2252 654 2345 685 sunt.

140 710 344 756 Longitudo
372 710 394 744 3
412 711 589 755 pollicum.

292 786 327 821 2.
380 785 602 820 Nubicum
635 798 657 820 a
690 785 821 820 nostris
848 786 990 832 quidem
1023 787 1139 831 capite
1176 786 1421 831 depressiore,
1463 787 1582 832 digitis
1619 789 1884 833 gracilioribus,
1921 790 2055 835 differt3
2096 792 2183 827 illud
2209 804 2296 828 vero
2325 806 2345 827 e

140 853 325 897 pressione
351 854 574 896 continuata,
619 853 768 887 alterum
795 865 842 887 ex
876 854 1090 887 esiccatione
1124 857 1204 898 post
1228 858 1377 887 mortem
1412 854 1573 888 animalis
1610 860 1725 889 ortum
1752 868 1831 890 esse
1856 857 2015 901 videtur,
2048 861 2346 903 quemadmodum

139 920 254 954 simile
280 920 363 964 quid
390 921 425 953 in
453 920 644 964 specimine
672 920 881 964 aegyptiaco
899 920 1053 954 Bufonis
1079 921 1262 955 variabilis
1290 921 1533 955 animadverti.
1586 920 1716 956 Differt
1742 934 1828 957 vero
1856 925 1961 959 ctiam
1989 927 2103 970 capite
2128 927 2236 971 paulo
2264 939 2345 961 acu-

137 987 246 1028 tiore,
282 990 448 1031 tympano
476 987 674 1020 orbiculato
702 986 886 1029 distincto,
928 988 1088 1021 verrucis
1115 988 1206 1021 inter
1233 991 1267 1021 et
1294 991 1376 1021 ante
1403 990 1528 1023 oculos
1556 989 1848 1032 obsoletioribus,
1889 1002 1958 1036 quo
1992 993 2133 1037 quidem
2164 994 2222 1028 hic
2247 994 2345 1029 Bufo

137 1053 287 1087 nubieus
314 1054 409 1087 iconi
433 1053 673 1088 Roeselianae
699 1053 827 1087 melius
853 1055 1045 1098 respondet
1071 1065 1178 1099 quam
1204 1055 1363 1099 germani
1389 1056 1501 1089 nostri
1528 1056 1605 1100 ipsi.
1658 1056 1863 1101 Longitudo
1890 1058 1938 1101 2}
1962 1060 2127 1102 pollicum
2154 1065 2216 1095 est.
2277 1060 2346 1096 Co-

138 1120 194 1154 lor
219 1131 328 1165 supra
354 1121 497 1154 sordide
523 1121 978 1166 ferrugineo-ochraceuS,
1023 1121 1083 1154 ubi
1110 1125 1228 1155 autem
1255 1122 1443 1165 epidermis
1479 1123 1629 1156 flaccida
1656 1124 1805 1157 solvitur
1830 1125 2165 1168 pallide-cinereus.
2217 1127 2346 1173 Margo

137 1187 240 1232 niger
265 1188 467 1232 parotidum
494 1188 605 1222 deest.
658 1187 818 1222 Dorsum
843 1188 992 1223 maculis
1028 1189 1208 1222 nonnullis
1234 1189 1430 1232 majoribus
1466 1190 1578 1225 fuscis
1611 1191 1800 1233 obsoletis,
1835 1192 1944 1236 pedes
1979 1197 2097 1227 autem
2123 1194 2347 1229 distinctiori-

136 1256 204 1289 bus
230 1255 314 1299 picti
339 1259 441 1298 sunt,
474 1266 547 1289 una
571 1266 699 1300 nempe
725 1255 880 1297 brachii,
915 1255 1054 1289 duabus
1080 1256 1205 1298 ulnae,
1239 1256 1352 1290 tribus
1377 1257 1545 1299 femoris,
1582 1257 1719 1292 duabus
1746 1258 1873 1301 tibiae,
1907 1262 2059 1304 quatuor
2084 1261 2181 1296 tarsi.
2234 1261 2348 1297 Tales

136 1323 295 1357 maculas
320 1334 501 1368 nunquam
526 1323 564 1357 in
588 1323 720 1357 nostris
746 1322 838 1365 vidi,
882 1333 949 1356 nec
976 1322 1097 1357 icones
1124 1334 1186 1357 eas
1214 1322 1393 1357 exhibent.

287 1397 321 1433 3.
374 1398 551 1433 Examine
577 1398 746 1432 reiterato
773 1397 860 1432 mihi
885 1398 962 1432 fere
989 1408 1202 1442 persuasimi
1229 1402 1300 1441 est,
1336 1398 1560 1434 Bufonem
1592 1410 1909 1443 verrucosum,
1951 1412 2056 1446 quem
2089 1402 2125 1436 in
2158 1408 2349 1448 conspectu

137 1465 356 1499 collectionis
382 1477 503 1509 meae,
542 1466 608 1500 sub
634 1477 669 1500 n.
688 1463 806 1507 5478,
841 1465 1032 1509 descripsi,
1074 1465 1124 1499 nil
1157 1465 1254 1499 aliud
1280 1477 1360 1499 esse
1394 1477 1501 1511 quam
1526 1467 1679 1501 Bufonis
1713 1467 1847 1501 cinerei
1879 1468 2101 1503 individuum
2134 1471 2250 1504 minus
2275 1483 2348 1505 ma-

136 1532 304 1566 cilentum
330 1533 485 1567 decolor.
539 1531 679 1577 Corpus
704 1533 835 1577 ubique
860 1543 1112 1575 verrucosum,
1146 1532 1348 1577 parotidum
1372 1534 1507 1576 forma,
1542 1537 1608 1567 etc.
1636 1534 1778 1568 omnino
1806 1546 1886 1569 cum
1911 1535 1980 1570 hoc
2005 1537 2231 1572 conveniunt.
2282 1538 2347 1573 Di-

138 1599 202 1644 giti
234 1599 363 1644 postici
395 1600 521 1635 forsan
559 1599 667 1644 paulo
701 1599 884 1645 longiores
918 1604 1018 1643 sunt,
1058 1600 1123 1633 sed
1157 1599 1354 1634 differentia
1386 1600 1450 1634 vix
1482 1601 1722 1645 perceptibili3
1763 1606 1870 1646 caput
1908 1603 2089 1648 aliquanto
2123 1605 2260 1639 acutius
2297 1610 2351 1640 est

137 1677 244 1711 quam
269 1666 307 1700 in
332 1666 462 1701 adultis
487 1666 637 1709 nostris,
674 1666 739 1701 sed
761 1666 869 1700 etiam
893 1669 1017 1701 nostro
1042 1666 1227 1701 individuo
1253 1667 1382 1702 minori
1408 1668 1533 1713 capitis
1553 1668 1644 1703 ratio
1671 1669 1798 1703 eadem
1823 1673 1895 1714 est3
1921 1673 2125 1716 tympanum
2150 1672 2350 1707 orbiculare

136 1736 256 1768 autem
281 1734 393 1768 multo
421 1733 620 1768 distinctius
647 1736 702 1768 est
728 1744 834 1779 quam
861 1733 898 1767 in
923 1733 1054 1768 nostris
1081 1734 1245 1769 cinereis.

284 1799 574 1846 Descriptiones,
609 1811 698 1846 quas
724 1799 881 1835 DAUDIN
909 1804 944 1835 et
969 1800 1192 1835 LATREILLE
1228 1802 1272 1836 de
1297 1801 1478 1836 Bufone
1511 1802 1697 1847 vulgari
1730 1802 1934 1846 ediderunt,
1976 1804 2069 1838 bene
2102 1805 2276 1850 quadrant
2302 1807 2348 1841 ad

136 1868 229 1902 hanc
254 1868 432 1913 speciem3
465 1868 546 1902 icon
572 1867 821 1903 DAUmNIANA
849 1870 968 1902 autem
993 1879 1108 1913 prava
1133 1873 1198 1904 est.
1224 1889 1273 1895 —-
1310 1868 1429 1904 Bufo
1455 1867 1634 1904 Ronsnm
1672 1868 1799 1903 horum
1825 1873 2009 1905 auctorum
2041 1873 2159 1917 potius
2186 1874 2231 1907 ad
2256 1873 2349 1909 hanc

137 1935 292 1980 speciem
319 1935 541 1970 adhibendus
569 1938 640 1979 est,
667 1946 775 1980 quam
802 1935 848 1969 ad
873 1934 964 1969 Buf
970 1947 1097 1969 onem
1124 1935 1280 1979 (Ranam
1300 1937 1472 1979 nostram)
1500 1937 1697 1979 fuscum,
1731 1948 1883 1981 quocum
1898 1937 2066 1972 Menum
2093 1951 2174 1974 eum
2196 1940 2348 1986 jungere

135 2002 270 2037 maluit..
332 2001 509 2036 Conferas
536 2003 583 2036 ad
615 2001 704 2036 haec
737 2012 829 2047 quae
862 2003 928 2036 sub
954 2001 1061 2036 Rana
1093 2003 1197 2037 fusca
1230 2003 1353 2037 monui
1379 2023 1426 2028 ——
1471 2003 1681 2037 1¹1szsz
1714 2004 1820 2038 etiam
1853 2004 2075 2040 Bufonem
2117 2007 2349 2043 cinereum

137 2069 322 2104 DAUD1N11
350 2070 396 2104 ad
421 2069 515 2104 hanc
541 2069 697 2114 speciem
722 2069 850 2111 refert,
884 2069 1009 2103 forsan
1030 2070 1127 2113 juste
1152 2090 1201 2095 —
1229 2068 1381 2105 GMELm
1408 2070 1526 2114 inepte
1551 2070 1773 2104 Bufonem
1798 2072 2055 2106 calamitam
2082 2076 2116 2106 et
2142 2074 2347 2118 viridem,

136 2148 203 2171 nec
235 2147 308 2170 non
343 2136 717 2171 Bombinatorem
751 2135 1148 2179 obstetricantem,
1189 2148 1269 2171 cum
1301 2137 1345 2173 B.
1371 2137 1513 2182 vulgari
1540 2138 1743 2181 conjunxit,
1786 2138 1869 2171 licet
1894 2139 2043 2173 viridem
2076 2140 2182 2174 istum
2209 2142 2346 2184 iterum,

135 2205 201 2238 sub
228 2204 371 2238 nomine
403 2203 670 2246 variabilis,
713 2214 777 2247 pro
814 2202 934 2248 specie
960 2204 1132 2248 peculiari
1167 2204 1344 2249 receperit
1369 2224 1417 2228 —-
1458 2203 1516 2237 Ex
1543 2204 1850 2239 observationibus
1876 2204 2027 2239 ΜΕΝΚΕΙ
2063 2206 2112 2245 (in
2139 2206 2246 2241 Isidis
2272 2208 2347 2242 XX

134 2282 216 2316 pag.
236 2270 323 2315 172)
351 2270 477 2306 Rana
501 2272 664 2306 rubeta
693 2270 829 2306 L1NNE1
863 2270 1084 2305 individuum
1106 2271 1230 2315 junius
1264 2271 1370 2315 hujus
1396 2271 1540 2306 bufonis
1567 2274 1631 2306 est.

799 2597 873 2638 11.
963 2597 1011 2638 Β.
1073 2596 1682 2640 VARIABILIS.

140 2714 179 2749 V
176 2727 400 2757 errave-svm,
436 2712 536 2748 tibiis
562 2715 665 2749 ulm's
691 2719 731 2748 et
753 2711 939 2748 luteribus
965 2712 1104 2760 eapitis
1137 2709 1298 2753 levibus,
1335 2711 1518 2759 jum-olido
1543 2710 1833 2760 mebrwn'fhrmi,
1870 2715 2019 2760 planti-v
2045 2717 2342 2763 serm'yudmalie,·

716 2793 840 2828 ‚vapra
864 2778 998 2814 viridis
1031 2783 1103 2814 twt
1133 2779 1329 2821 cinereus,
1372 2776 1756 2814 albo-marmorataew.

736 2906 860 2942 Rana
894 2905 1139 2940 variabilis
1172 2904 1344 2947 PALLAS,
1383 2905 1516 2940 XVOLF.

735 2975 855 3009 Bufo
888 2973 1054 3008 viridis
1088 2972 1211 3006 LAUR.
1246 2972 1362 3006 Scau.

735 3042 853 3076 Bufo
888 3039 1141 3075 variabilis
1178 3037 1304 3073 Manu.

285 3167 391 3202 Circa
417 3166 691 3209 Vratislaviam,
733 3166 793 3200 ubi
826 3166 916 3200 haec
949 3165 1087 3211 species
1122 3164 1277 3198 omnium
1303 3163 1484 3198 Bufonum
1516 3163 1804 3209 frequentissima
1837 3169 1909 3208 est,
1952 3170 2180 3213 temporeque
2213 3178 2335 3211 verno,

137 3236 173 3269 in
199 3235 299 3280 aquis
326 3235 570 3279 stagnantibus
597 3234 758 3275 latitans,
796 3236 901 3267 cantu
927 3233 1022 3266 haud
1049 3232 1188 3276 ingrato
1214 3231 1365 3264 unisono
1392 3231 1591 3273 irrrrrr...,
1636 3232 1779 3276 saepius
1806 3231 2019 3278 interrupto,
2062 3238 2179 3268 aerem
2204 3234 2334 3279 implet,

136 3312 300 3347 magnam
326 3302 463 3346 copiam
489 3301 769 3342 individuorum,
806 3303 878 3333 tam
904 3300 1103 3333 adultorum
1130 3310 1236 3344 quam
1270 3298 1446 3342 pullorum
1473 3302 1508 3331 et
1533 3297 1731 3341 larvarum,
1767 3299 1850 3344 legi.

285 3393 316 3427 I.
369 3392 546 3427 Adulti:
580 3392 846 3437 Longitudo
874 3392 1080 3435 lg—fere
1107 3390 1130 3425 3
1149 3390 1326 3435 pollicum.
1380 3388 1525 3433 caput
1556 3390 1746 3432 lateribus,
1783 3391 1876 3426 infra
1909 3395 1944 3425 et
1969 3394 2050 3425 ante
2076 3389 2217 3432 oculos,
2252 3391 2332 3426 leve

137 3464 191 3496 est
216 3461 349 3505 absque
375 3460 603 3502 verrucis3
638 3460 744 3493 ulnae
771 3458 876 3492 etiam
903 3462 937 3491 et
963 3457 1070 3491 tibiae
1097 3457 1257 3491 verrucis
1283 3460 1403 3490 carent
1430 3459 1491 3489 aut
1516 3457 1799 3491 subverrucosae
1834 3461 1925 3492 sunt.
1985 3455 2231 3491 Parotides
2256 3457 2331 3492 lou-

136 3527 370 3574 gitudinales,
404 3527 700 3568 subreniformes,
735 3526 794 3560 vel
819 3524 936 3570 potius
962 3524 1237 3565 soleaeformes,
1278 3523 1359 3557 lobo
1393 3523 1562 3558 inferiore
1588 3524 1803 3570 angustiore.
1870 3523 2020 3558 Maxilla
2044 3523 2191 3558 inferior
2216 3525 2330 3560 antice
