2632 3890
309 153 340 194 6
1253 137 1561 173 GHELONII.

307 261 393 294 tium
421 263 455 292 et
479 261 640 302 quartiun
666 252 936 296 sexangularia,
979 251 1108 294 angulo
1136 247 1275 281 laterali
1301 251 1457 280 attamen
1483 257 1674 290 perparum
1700 248 1920 290 prominente
1929 273 1939 289 9
1990 247 2174 281 latitudine
2201 247 2367 281 dimidiae
2393 248 2505 293 longi-

307 327 455 367 tudinis3
481 324 637 367 quintum
663 320 907 364 irregulariter
933 316 1194 356 rhoinboi'dale,
1223 315 1299 347 fere
1326 314 1510 347 latitudine
1538 313 1658 357 primi:
1688 312 1975 347 Lateralium
2001 316 2070 348 (1110
2098 315 2308 348 intermedia
2333 316 2506 359 quadran-

306 393 453 438 gularia,
480 388 745 432 subi-egularia3
771 387 921 430 primum
949 387 982 416 et
1008 386 1180 427 quartum,
1209 382 1278 414 illis
1306 381 1525 425 angustiora,
1553 380 1763 424 irregularia
1792 382 2107 425 quadrangularia:
2133 381 2173 415 M
2184 394 2229 415 ar
2240 382 2433 426 ginalia,
2462 384 2505 416 ob

306 463 445 493 suturas
473 456 615 499 saepius
644 457 813 487 connatas
842 457 873 485 et
903 451 1127 489 obliteratus,
1171 448 1234 481 vix
1261 449 1441 481 numerari
1467 451 1633 492 possunt3
1686 448 1848 480 distincte
1875 447 1970 481 haud
1997 449 2088 481 ultra
2112 449 2158 482 18
2176 449 2339 482 discerno
2369 449 2507 492 UVAL-

306 534 406 558 mun
435 534 556 556 eorum
592 522 638 555 17
664 520 905 559 numeravitu
956 516 1094 549 ratione
1121 520 1239 548 autem
1267 515 1384 548 habita
1413 516 1728 555 lineamentorum,
1771 526 1861 558 quae
1889 518 1994 547 antea
2026 516 2150 549 forsan
2184 520 2328 549 suturae
2362 516 2507 558 fuerint,

304 603 395 625 nunc
421 594 540 623 autem
565 589 628 623 vix
653 599 716 631 pro
744 584 904 628 vestigiis
933 594 1054 616 carum
1081 588 1381 627 agnoscerentur,
1424 593 1593 614 uumerus
1621 582 1747 614 horum
1775 582 2003 614 scutellarum
2030 583 2075 615 ad
2102 583 2148 616 22
2177 584 2357 616 aestimari
2383 583 2506 627 possit,

303 659 418 692 antico
446 657 650 700 posticoque
679 652 820 696 impari,
849 651 1056 683 lateralibus
1083 650 1245 693 utrinque
1276 650 1341 691 10,
1376 660 1466 692 quae
1494 653 1631 689 autem,
1660 649 1775 681 forma
1804 652 1838 681 01
1862 649 2124 692 magnitudine,
2153 649 2248 682 haud
2273 651 2401 694 ubique
2429 662 2507 683 scu-

303 726 394 759 tellis
420 723 539 756 lateris
568 721 710 754 alterius
736 718 970 761 respondent3
997 729 1101 761 quam
1129 718 1172 749 ob
1200 728 1275 749 rem
1303 727 1345 749 eo
1372 715 1486 759 magis
1514 715 1694 758 suspicor,
1730 715 1904 759 quaedam
1931 716 2161 749 scutellorum
2186 717 2433 760 marginalium
2458 717 2509 750 ita

303 796 451 825 connata
469 801 559 829 esse,
577 791 615 821 ut
630 787 764 819 nullum
779 785 969 829 vestigium
986 789 1131 817 suturae
1148 783 1368 816 remanserit.
1397 781 1604 823 Praeterea,
1621 783 1815 815 secundum
1833 782 2089 826 descriptiones
2106 787 2301 825 auctorum,
2319 784 2414 817 orbis
2430 795 2508 817 scu-

302 859 466 892 tellorum
488 854 736 899 marginalium
759 853 893 896 posticc
921 852 1078 884 scutellis
1103 852 1240 884 (luobus
1265 851 1459 892 clauditur,
1513 850 1547 882 in
1574 854 1694 882 nostro
1728 849 1920 892 specimine
1946 854 2064 883 autem
2088 851 2236 884 scutello
2268 862 2338 884 uno
2364 851 2508 895 impari3

302 926 383 958 inde
409 924 478 956 duo
502 922 624 955 ultima
650 920 798 954 scutella
822 920 858 952 in
880 930 988 952 unum
1014 921 1164 951 connata
1189 929 1268 951 esse
1285 918 1469 959 videntur,
1497 928 1578 949 nam
1596 920 1741 949 suturae
1760 916 1823 949 vix
1846 917 2039 961 vestigium
2056 918 2255 951 obsoletum
2279 930 2317 951 se
2343 919 2507 951 ostendit.

448 990 592 1023 Internc
620 988 701 1021 huic
727 991 826 1020 scuto
854 987 982 1030 spina
1011 985 1153 1025 dorsi,
1189 985 1364 1018 vertebris
1394 985 1441 1018 10
1468 988 1502 1017 et
1529 984 1636 1017 costis
1664 983 1687 1016 8
1714 983 1814 1024 latis,
1844 984 1974 1017 adnata
2001 988 2064 1017 est.
2110 983 2260 1027 Costae,
2288 997 2309 1018 a
2335 985 2509 1018 vertebris

301 1059 323 1093 2
350 1079 396 1082 —
423 1057 446 1091 9
473 1060 591 1097 ortae,
634 1056 679 1088 ad
706 1054 901 1098 marginem
928 1064 1038 1096 usque
1066 1057 1276 1094 excurrunt,
1320 1052 1515 1096 marginem
1541 1062 1667 1084 versus
1695 1050 1827 1083 sensim
1853 1051 1968 1094 magis
1995 1052 2178 1095 magisque
2206 1064 2225 1085 0
2252 1052 2388 1096 reliqua
2414 1064 2508 1085 com-

301 1137 391 1170 page
417 1135 522 1158 ossea
539 1126 741 1166 emergmit,
760 1122 887 1165 ubique
905 1124 1040 1161 autem,
1067 1131 1177 1164 usque
1201 1120 1246 1152 ad
1264 1120 1459 1163 marginem
1483 1119 1615 1162 ipsum,
1643 1129 1814 1162 compage
1840 1119 1908 1151 ista
1932 1118 2157 1162 interposita,
2183 1119 2391 1162 conjunctae
2415 1122 2506 1153 sunt.

301 1192 359 1226 Ex
376 1191 625 1225 observatione
641 1189 877 1222 Wmsnonn
896 1198 1085 1230 compages
1103 1198 1225 1227 ossea,
1255 1187 1361 1219 costis
1388 1186 1612 1230 interposita,
1640 1185 1717 1218 fere
1742 1185 1879 1228 pollicis
1905 1186 2072 1218 distantia
2096 1190 2176 1218 ante
2202 1187 2399 1231 marginem
2425 1198 2507 1220 eva-

303 1260 432 1293 nescit.
458 1259 552 1302 quod
569 1257 676 1302 igitur
692 1256 727 1289 in
745 1259 866 1289 nostro
893 1254 1086 1299 specimine
1112 1265 1216 1287 secus
1232 1265 1271 1287 se
1287 1253 1405 1287 habet.
1459 1252 1635 1286 Confer-as
1654 1252 1804 1286 adhaec
1830 1264 1920 1297 quae
1947 1253 1991 1285 (10
2009 1251 2183 1286 Chelonia
2200 1257 2334 1287 caretta
2358 1255 2506 1288 tradam.

965 1597 1008 1639 2.
1085 1595 1198 1638 CH.
1267 1593 1841 1637 IMBRIGATA.

428 1725 610 1760 Seulellis
636 1723 742 1758 (lm-si
766 1729 804 1758 et
827 1723 949 1757 slerni
974 1722 1045 1762 13,·
1071 1722 1240 1770 squamis
1267 1733 1303 1754 ο(
1313 1718 1489 1755 alaribus
1510 1718 1786 1767 posterioribus
1812 1719 1943 1756 tribus.
1980 1721 2094 1761 (Tab.
2122 1722 2160 1764 Ι,
2194 1722 2223 1756 F
2226 1723 2273 1768 ig.
2300 1723 2374 1766 II).

448 1869 673 1903 SCHOEPFFH
700 1867 780 1900 icon
808 1871 843 1900 et
870 1866 1058 1910 descriptio
1088 1869 1188 1910 (pag.
1206 1865 1274 1906 72,
1304 1865 1374 1898 tab.
1401 1863 1532 1907 XVII,
1559 1864 1617 1909 fig.
1636 1864 1678 1907 1)
1708 1865 1935 1899 exactissime
1962 1865 2007 1898 ad
2033 1869 2194 1899 nostrum
2220 1866 2399 1911 specimen
2423 1877 2507 1912 qua-

299 1939 418 1979 drant,
446 1941 611 1980 tanquam
639 1936 683 1968 ab
712 1935 837 1967 eodem
865 1934 1061 1977 exemplari
1088 1934 1270 1966 desumtae
1299 1935 1427 1965 essent.

446 2003 632 2037 Scutum
660 2001 848 2035 dorsale
876 2000 1095 2044 longitudine
1123 2004 1177 2032 est,
1203 2000 1252 2033 20
1278 2000 1470 2040 linearum,
1506 1999 1677 2032 lateribus
1705 1999 1880 2033 declivius
1908 2003 1943 2033 et
1969 2000 2207 2044 compressius
2235 2012 2340 2045 quam
2367 2002 2402 2035 in
2429 2013 2506 2046 spe-

297 2072 350 2105 cie
378 2071 622 2115 praecedente.
657 2090 704 2092 —
757 2068 1012 2102 Umbilicus
1040 2067 1153 2111 magis
1182 2067 1255 2099 hiat
1282 2078 1387 2110 quam
1413 2066 1447 2099 in
1474 2065 1609 2109 Mydac
1636 2067 1751 2110 pullis.
1779 2087 1827 2091 ——
1855 2065 2022 2111 Caput,
2051 2068 2171 2101 tabula
2196 2068 2216 2102 I
2242 2069 2357 2113 figura
2381 2069 2421 2103 ΙΙ
2448 2070 2506 2102 (10-

296 2140 481 2178 lineatum,
510 2134 760 2180 capitililydae
786 2136 927 2179 quidem
954 2135 1067 2167 simile
1096 2138 1166 2171 est,
1201 2134 1364 2177 idemque
1391 2134 1615 2166 tuberculum
1642 2137 1784 2167 acutum
1810 2134 1903 2168 infra
1928 2145 2034 2168 nares
2061 2134 2186 2177 habet,
2228 2137 2293 2169 sed
2318 2136 2508 2170 maxilla

297 2206 496 2239 inferior
524 2205 659 2247 apicem
687 2214 812 2235 versus
841 2202 990 2234 debilior
1018 2205 1071 2233 est
1099 2205 1131 2233 et
1160 2201 1345 2244 angustior
1371 2211 1476 2244 quam
1504 2201 1539 2233 in
1566 2200 1635 2233 ista
1662 2201 1800 2244 specie,
1852 2205 1971 2234 mento
1997 2202 2113 2234 minus
2139 2202 2377 2245 prominente,
2406 2204 2507 2247 apice

298 2273 410 2306 lenius
438 2282 578 2304 sursum
605 2274 771 2309 curvato,
808 2272 878 2301 tota
909 2269 997 2301 sieut
1025 2267 1234 2300 Wsmmm
1262 2279 1342 2311 pag.
1371 2266 1420 2300 84
1448 2278 1526 2299 eam
1553 2268 1588 2299 in
1617 2267 1878 2300 Testudine
1904 2268 2080 2301 marina
2105 2272 2258 2303 rostro
2287 2271 2506 2304 anserino

298 2339 500 2382 descripsit,
527 2349 631 2381 quam
659 2336 816 2369 Merrem
843 2336 887 2367 ad
915 2334 1002 2367 Car
1013 2338 1103 2366 etta
1114 2346 1148 2367 m
1177 2335 1462 2367 esculentam
1492 2334 1747 2376 (Testudinem
1774 2335 1917 2377 mydam
1944 2337 2108 2377 auctor:)
2138 2336 2292 2371 adhibet.
2345 2337 2505 2371 Denti-

299 2408 318 2439 b
329 2418 377 2438 us
401 2408 518 2438 autem
535 2404 713 2447 specimen
732 2406 891 2435 nostrum
908 2413 1032 2434 recens
1049 2406 1169 2433 natum
1186 2404 1293 2433 caret.
1337 2400 1363 2433 S
1375 2412 1393 2444 q
1405 2412 1427 2433 u
1438 2412 1456 2433 a
1467 2412 1501 2433 111
1512 2412 1531 2433 11
1543 2412 1561 2433 0
1588 2401 1622 2434 111
1641 2402 1766 2444 capitis
1786 2406 1886 2445 parte
1903 2413 2033 2445 supera
2050 2404 2206 2447 squamis
2223 2403 2357 2448 Mydae
2372 2405 2506 2439 similes

297 2476 388 2513 sunt,
408 2475 557 2514 excepta
573 2482 718 2514 squama
738 2481 866 2513 magna
886 2469 1074 2512 occipitali.
1092 2479 1184 2512 quae
1201 2468 1291 2500 linea
1310 2468 1557 2511 longitudinali
1575 2468 1810 2501 canaliculata
1828 2472 1891 2502 est.
1910 2468 2089 2513 Squamac
2105 2471 2271 2505 laterales
2288 2475 2416 2515 autem,
2435 2476 2507 2506 tam

295 2550 442 2572 numero
465 2549 568 2581 quam
592 2537 661 2570 situ
687 2541 719 2569 et
744 2537 878 2572 forma.
923 2537 966 2568 ab
994 2536 1119 2568 iisdem
1142 2534 1275 2578 Mydae
1301 2535 1456 2578 squamis
1483 2535 1666 2576 differunt,
1718 2547 1799 2568 nam
1822 2536 1858 2568 in
1898 2534 2034 2579 Myda
2070 2537 2185 2580 (Tab.
2205 2537 2243 2580 I,
2273 2538 2302 2572 F
2305 2539 2351 2583 ig.
2369 2539 2408 2582 I)
2443 2551 2505 2573 no-

294 2618 375 2639 vem
402 2606 527 2638 harum
552 2615 776 2648 squamarum
796 2603 830 2635 in
848 2603 958 2635 series
976 2603 1063 2635 duas
1081 2614 1172 2645 pone
1192 2602 1315 2634 oculos
1333 2602 1525 2645 dispositae
1542 2606 1640 2643 sunt,
1669 2614 1740 2635 non
1758 2603 1895 2636 ratione
1912 2603 2031 2637 habita
2048 2608 2200 2648 quatuor
2217 2608 2278 2638 aut
2293 2606 2445 2651 quinque
2461 2607 2506 2640 si-

295 2674 447 2713 milium,
490 2683 580 2715 pone
607 2671 686 2703 illas
714 2671 878 2709 sitm-unu
914 2670 947 2701 in
977 2668 1004 2702 C
1016 2669 1036 2701 11
1048 2669 1201 2701 elonia
1230 2668 1478 2701 imbricata
1505 2672 1623 2701 autem
1649 2670 1800 2713 quinque
1828 2681 1995 2714 squamae
2021 2672 2176 2715 majores
2201 2684 2294 2716 pone
2321 2674 2444 2707 oculos
2470 2674 2507 2708 in

296 2741 524 2783 quincuncem
551 2737 811 2780 subdispositae
839 2741 937 2777 sunt,
980 2739 1121 2778 praeter
1148 2736 1236 2767 (luas
1264 2738 1382 2767 tresve.
1410 2736 1561 2776 similes,
1595 2737 1702 2779 paulo
1731 2740 1885 2770 attamen
1911 2738 2085 2780 minores,
2121 2750 2213 2783 pone
2240 2740 2337 2774 sitas.
2387 2739 2506 2775 Etiam

297 2817 462 2850 squamae
488 2805 652 2837 laterales
680 2804 848 2837 maxillae
876 2802 1055 2835 inferioris
1083 2802 1185 2834 aliter
1211 2803 1385 2835 formatae
1413 2806 1493 2835 sunt
1519 2813 1623 2845 quam
1649 2803 1683 2835 in
1701 2802 1822 2846 Myda.
1853 2803 1932 2837 Hac
1959 2816 2184 2848 squamarum
2212 2807 2337 2851 capitis
2355 2807 2504 2851 disposi-

297 2873 391 2906 tione
419 2870 478 2904 Ch
490 2872 644 2903 clonia
671 2871 915 2904 imbricata
941 2880 1078 2913 quoque
1107 2880 1128 2901 a
1155 2867 1227 2901 Ch.
1257 2872 1436 2901 caretta
1463 2869 1580 2902 differt
1608 2872 1661 2912 (v.
1692 2869 1783 2904 Tab.
1802 2870 1831 2904 I.
1868 2871 1946 2915 Fig.
1965 2871 2065 2915 IH);
2100 2873 2163 2906 sed
2190 2873 2258 2906 hae
2285 2874 2505 2908 differentiae

297 2939 422 2972 melius
450 2938 608 2970 iconibus
636 2939 788 2981 capitum
814 2936 940 2969 harum
967 2937 1071 2969 trium
1098 2936 1314 2979 specierum,
1352 2947 1457 2980 quam
1484 2937 1798 2980 descriptionibus,
1837 2938 1999 2972 exhiberi
2024 2944 2182 2983 possunt.
2210 2960 2257 2964 -—
2292 2940 2505 2975 Scutella

298 3017 378 3039 cum
411 3005 565 3037 scutellis
598 3002 760 3046 Mydae
796 3007 1013 3048 congruunt3
1066 3003 1219 3052 dorsalia
1257 3007 1374 3035 autem
1408 3004 1443 3035 iu
1478 3002 1543 3036 (¹11.
1580 3004 1763 3037 imbricata
1791 3005 1968 3049 aliquanto
1997 3007 2204 3050 angustiora
2229 3010 2310 3039 sunt
2336 3018 2441 3051 quam
2468 3009 2504 3042 in

299 3072 426 3116 Myda,
480 3070 608 3103 earinis
642 3070 748 3113 paulo
784 3071 969 3103 altioribus
998 3074 1029 3102 et
1058 3070 1230 3113 posticam
1256 3080 1382 3102 versus
1410 3070 1591 3112 paululum
1620 3082 1725 3115 supra
1754 3073 1939 3105 scutellum
1966 3073 2184 3116 subsequens
2211 3074 2503 3118 prominentibus,

299 3152 366 3184 quo
394 3139 448 3175 fit,
475 3141 513 3170 ut
540 3137 687 3170 scutella
715 3137 867 3169 dorsalia
895 3137 970 3169 fere
998 3136 1247 3169 subimbricata
1275 3136 1354 3169 sint.
1407 3136 1622 3179 superficies
1652 3139 1881 3181 (epidermis)
1912 3151 2034 3172 eorum
2059 3140 2194 3183 rugulis
2223 3140 2391 3174 obsoletis
2417 3142 2504 3176 irre-

303 3206 503 3248 gularibus,
531 3203 720 3247 praecipue
747 3203 781 3235 in
810 3203 926 3235 antica
953 3204 1180 3236 scutellorum
1206 3207 1324 3246 parte,
1353 3203 1547 3246 subplicata
1577 3208 1640 3237 est.
1691 3204 1823 3239 Latere.
1851 3206 2013 3247 sinistro,
2042 3206 2133 3239 inter
2159 3208 2387 3242 scutellorum
2412 3221 2504 3243 mar-

304 3273 468 3316 ginalium
496 3271 688 3303 secundum
716 3273 749 3302 et
775 3269 932 3305 tertium,
961 3270 1144 3302 scutellum
1171 3270 1328 3314 spurium
1356 3273 1470 3303 ortum
1498 3275 1560 3303 est.
1597 3271 1810 3314 SOEIOEPFF,
1837 3285 1917 3317 pag.
1937 3272 2002 3314 73,
2031 3273 2132 3314 dicit,
2160 3275 2387 3308 scutellorum
2412 3288 2504 3310 mar-

306 3339 472 3382 ginalium
498 3338 657 3370 ultimum
684 3337 857 3380 integrum
886 3339 897 3378 t
908 3335 1001 3368 baud
1030 3337 1303 3379 cmarginatum)
1333 3348 1431 3378 css-(¹3
1467 3338 1585 3370 nescio
1614 3343 1749 3380 autem,
1777 3341 1859 3383 quid
1886 3342 2010 3372 auctor
2035 3340 2199 3373 laudatus
2225 3341 2280 3374 1115
2308 3343 2426 3376 verbis
2453 3343 2505 3376 in-

308 3406 424 3438 dicare
450 3405 618 3445 voluerit,
646 3415 728 3436 nam
755 3404 939 3435 scutellum
967 3413 1093 3435 unum
1120 3404 1279 3436 ultimum
1304 3403 1499 3446 marginale
1526 3404 1607 3438 huic
1634 3407 1765 3449 speciei
1792 3410 1957 3449 negatum
1986 3410 2056 3448 est,
2092 3408 2155 3439 sed
2182 3408 2266 3441 duo
2293 3409 2416 3442 ultima
2442 3411 2505 3444 ad-

309 3475 407 3509 sunt,
435 3471 611 3513 aequalia,
638 3482 703 3503 nec
730 3470 897 3513 carinam,
926 3490 972 3493 —
1000 3468 1149 3503 Pedes
1175 3471 1282 3514 paulo
1310 3470 1492 3504 breviores
1519 3475 1598 3505 sunt
1625 3483 1729 3516 quam
1756 3473 1791 3505 in
1817 3471 1946 3516 Myda,
1975 3473 2137 3507 distincte
2164 3475 2370 3519 biungulati.
