2534 3890
208 221 270 265 56
1121 215 1495 251 BATRAGHIA.

208 332 393 366 ciminibus
420 331 556 363 desunt.
617 327 758 362 Desunt
784 328 907 367 etiam,
948 338 1013 360 nec
1039 336 1110 359 non
1143 325 1178 358 in
1211 324 1403 369 specimine
1437 323 1601 365 Sebano,
1643 323 1718 357 sine
1752 326 1847 359 omni
1880 324 2006 367 dubio,
2048 324 2237 358 defuerunt
2277 337 2414 371 ungues

207 399 269 431 lati
295 397 484 441 digitorum
510 395 725 439 anticorum3
758 396 821 429 sed
848 394 1015 428 articulus
1041 392 1187 425 ultimus
1218 392 1408 436 digitorum
1434 390 1711 424 suborbicularis
1738 396 1803 433 est,
1838 396 1873 425 et
1899 392 2058 435 ejusdem
2085 403 2165 425 cum
2190 392 2332 437 reliquis
2360 404 2413 426 ar-

207 464 321 497 ticulis
347 462 561 504 latitudinis,
601 463 638 496 in
663 462 835 496 varietate
861 461 974 505 prima
1001 459 1108 492 etiam
1133 459 1254 493 colore
1279 459 1382 492 fusco
1410 470 1431 492 a
1456 457 1602 502 reliquis
1629 457 1788 491 articulis
1815 459 1988 493 diversus.

354 537 471 571 Rufo
506 541 712 582 guttatus
746 536 980 570 Sennmnmu
1018 538 1054 567 et
1084 533 1340 575 LATnmLLEl,
1378 544 1399 566 a
1425 532 1633 566 Mmznmuo
1659 532 1932 576 interrogative,
1966 545 1988 567 a
2014 534 2196 567 Scnffizto
2223 534 2412 575 definitive,

205 605 350 646 citatus,
391 605 511 649 utique
546 605 732 648 ambiguus
766 606 830 635 cst.
891 601 1111 635 Scmvmnm
1145 612 1226 634 eum
1253 600 1439 644 descripsit
1474 599 1588 643 capite
1623 610 1731 643 supra
1771 599 1876 643 plano
1911 604 1945 633 et
1971 601 2061 643 levi,
2102 601 2320 646 pedibusque.
2352 613 2415 646 pro

203 672 334 705 bufone
362 673 447 705 satis
475 672 589 715 longis
617 674 651 704 et
677 668 879 714 gracilibus.
932 667 1073 702 Nostris
1105 668 1233 702 marini
1270 667 1465 700 individuis
1500 670 1618 699 autem
1652 669 1758 710 caput
1783 677 1954 710 superne,
1987 668 2078 701 inter
2112 672 2146 701 et
2172 672 2254 702 ante
2281 669 2416 710 oculos,

203 739 410 782 depressum
437 743 471 771 et
496 737 655 781 margine
681 736 768 769 satis
795 736 866 769 alto
892 735 1057 781 utrinque
1083 735 1186 780 quasi
1217 734 1394 768 inclusum
1427 733 1559 778 (itaque
1591 743 1744 778 superne
1770 736 1979 777 concavum)
2008 738 2078 776 est,
2119 736 2222 779 quale
2256 735 2414 769 Senum-

204 815 295 845 ΗΕΒ,
331 817 411 849 pag.
429 805 519 843 221,
555 807 662 847 caput
692 803 822 837 marini
847 803 1051 847 descripsit,
1091 802 1203 847 pedes
1230 804 1367 843 autem,
1400 811 1465 845 pro
1492 800 1644 842 bufone,
1685 811 1752 834 nec
1777 800 1940 845 perlongi
1973 812 2039 835 nec
2068 801 2285 846 pergraciles
2318 811 2411 839 sunt.

349 896 533 930 Dfflnffin
567 895 684 929 Bufo
718 895 985 937 humeralis,
1027 905 1050 927 a
1078 893 1287 927 Mnnnmuo
1320 893 1577 938 interrogative.
1611 892 1756 935 citatus,
1804 893 1849 926 ad
1881 893 2058 927 marinum
2090 893 2300 928 referendus
2333 904 2414 929 esse

200 964 356 1003 videtur,
391 963 552 1007 quamvis
580 966 704 996 auctor
729 962 931 1007 marginum
957 961 1184 995 eminentium
1209 961 1353 995 verticis
1381 965 1416 994 et
1441 960 1691 1005 palpebrarum
1716 960 1849 994 nullam
1881 960 2006 994 fecerit
2032 961 2256 995 mentionem.
2309 959 2412 995 ΒΑΗ-

201 1040 263 1063 mx
296 1031 418 1063 laudat
451 1041 590 1074 quoque
619 1029 759 1063 Ranam
792 1029 966 1063 marinam
1000 1028 1155 1070 LINNEI,
1196 1027 1321 1062 SEBAE
1344 1027 1382 1071 I,
1416 1028 1488 1062 tab.
1505 1027 1554 1062 76
1586 1027 1644 1072 fig.
1663 1028 1703 1070 1,
1744 1027 1925 1062 Bufonem
1956 1028 2133 1062 marinum
2166 1028 2412 1070 SCHNEmERl,

199 1096 362 1141 l'Epaule
391 1097 510 1130 armee
535 1096 751 1130 LACEPEDEI
769 1100 853 1138 ete,
882 1107 974 1140 quae
1000 1107 1123 1129 omnes
1151 1096 1197 1129 ad
1221 1098 1379 1129 nostram
1405 1095 1562 1140 speciem
1584 1095 1807 1129 adhibendae
1833 1099 1925 1129 sunt.
1963 1094 2065 1129 Idem
2092 1099 2216 1129 auctor
2236 1106 2323 1129 vero
2351 1106 2411 1129 an-

199 1168 273 1206 tea,
309 1165 345 1197 in
372 1164 464 1197 lIist.
492 1167 564 1197 nat.
596 1162 687 1197 Ran.
721 1175 803 1207 pag.
827 1163 905 1205 99.,
941 1166 977 1196 et
1009 1163 1045 1196 in
1071 1162 1308 1197 LATnfflLLnl
1342 1162 1436 1196 Hist.
1463 1165 1536 1196 nat.
1569 1161 1732 1206 Rept.II
1758 1173 1792 1206 p.
1817 1161 1906 1204 130,
1948 1162 2168 1196 Bufonem
2194 1162 2411 1196 marinum

198 1235 233 1264 et
265 1232 438 1275 Aguam
474 1231 707 1270 (Bufonem
741 1230 1063 1264 brasiliensem
1096 1229 1220 1264 LAUR.
1256 1241 1321 1263 seu
1353 1229 1724 1263 Bombinatorem
1756 1229 2028 1263 maculatum
2060 1228 2202 1271 MERR.)
2242 1229 2279 1262 in
2304 1240 2412 1263 unam

197 1299 353 1342 speciem
379 1298 623 1341 conjunxerat.
686 1297 927 1338 LATREILLE,
961 1297 983 1330 l.
1008 1308 1037 1330 c.
1064 1296 1132 1339 IV,
1166 1308 1200 1341 p.
1217 1295 1308 1339 294,
1345 1296 1629 1341 reprehendebat
1660 1295 1753 1330 hanc
1786 1296 2080 1340 conjunctionem.
2145 1295 2301 1330 DAUmN
2334 1296 2412 1340 ipse.

196 1369 321 1409 postea
357 1366 405 1408 (in
432 1365 524 1398 llist.
552 1364 656 1409 Rept.
679 1364 777 1399 VIII
810 1375 892 1408 pag.
909 1362 982 1398 205
1006 1367 1040 1397 et
1066 1364 1154 1407 209)
1193 1364 1273 1407 jure
1306 1363 1401 1397 omni
1427 1364 1507 1397 illas
1541 1363 1680 1408 species
1712 1374 1855 1399 rursum
1881 1363 1917 1396 in
1950 1363 2040 1398 duas
2072 1364 2210 1408 species
2237 1363 2412 1407 sejunxit3

195 1432 348 1466 Bufonis
376 1432 508 1476 Aguae
535 1436 653 1465 autem
679 1431 818 1464 iconem
853 1430 980 1473 edidit,
1024 1442 1116 1475 quae
1149 1431 1247 1464 nullo
1280 1431 1387 1465 modo
1422 1442 1503 1466 cum
1530 1430 1656 1465 SEBAE
1678 1430 1717 1473 I,
1753 1431 1823 1464 tab.
1839 1430 1899 1464 73.
1926 1430 1985 1475 fig.
2005 1430 2023 1465 1
2049 1434 2084 1465 et
2109 1430 2151 1473 2,
2194 1432 2238 1465 ab
2265 1434 2412 1465 auctore

196 1500 241 1532 ad
268 1499 359 1533 hanc
386 1499 541 1543 speeiem
568 1499 748 1540 laudatas,
784 1498 960 1532 convenit.
1010 1497 1102 1532 Cum
1123 1496 1278 1532 DAUDm
1305 1498 1462 1542 insuper,
1498 1498 1544 1532 ad
1570 1498 1722 1532 eandem
1748 1497 1920 1542 speciem,
1954 1498 2174 1533 Bufoncm
2207 1498 2412 1532 scabrum

194 1569 229 1599 et
262 1570 484 1610 guttatam
518 1565 753 1599 Sclmnxnnssl
793 1565 933 1607 laudet,
974 1576 1063 1610 quos
1095 1564 1265 1599 Manum
1298 1565 1555 1609 interrogative
1589 1565 1635 1599 ad
1674 1564 1892 1599 marinum
1927 1565 2090 1608 adhibet,
2138 1577 2219 1599 cum
2258 1565 2410 1610 denique

193 1633 324 1677 Agua
360 1633 609 1675 (Bombinator
633 1633 832 1666 maculatus
858 1631 1020 1676 MERR.),
1064 1644 1084 1666 e
1111 1632 1287 1666 sententia
1311 1631 1529 1675 MERREMH,
1562 1632 1784 1677 parotidibus
1812 1636 1949 1675 careat,
1994 1632 2106 1677 Agua
2130 1631 2316 1667 DAUDIMI
2349 1644 2411 1666 au-

193 1704 264 1733 tem
290 1700 512 1744 parotidibus
538 1700 736 1745 insignibus
773 1700 947 1744 gaudeat,
993 1700 1038 1733 de
1072 1699 1183 1744 Agua
1208 1698 1395 1733 DAUD1N11
1428 1699 1547 1733 multis
1581 1699 1697 1733 dubiis
1724 1710 1857 1741 vexor,
1892 1703 1946 1741 et,
1989 1699 2151 1744 quamvis
2178 1698 2326 1733 GUVIER
2360 1699 2411 1743 (in

192 1766 319 1811 Regno
348 1767 454 1800 anim.
479 1778 512 1810 p.
531 1767 593 1810 97)
623 1773 694 1800 nec
728 1778 800 1800 non
833 1765 1006 1811 Princeps
1043 1776 1090 1800 DE
1118 1766 1235 1800 ann
1271 1767 1397 1810 (Beitr.
1420 1766 1459 1810 I,
1492 1778 1526 1811 p.
1552 1764 1638 1809 551)
1673 1766 1820 1811 Aguam
1861 1778 1941 1800 cum
1972 1767 2111 1800 marino
2146 1767 2407 1810 conjunxerint,

191 1838 309 1867 tamen
336 1834 487 1875 haereo,
521 1845 607 1867 num
633 1834 777 1879 Aguam
793 1845 857 1878 pro
884 1834 1078 1877 specimine
1098 1834 1244 1876 marini,
1278 1834 1498 1879 marginibus
1526 1833 1674 1867 elevatis
1701 1833 1826 1878 capitis
1853 1834 1968 1868 minus
1995 1834 2076 1868 altis
2099 1845 2206 1879 quam
2231 1834 2267 1867 in
2288 1837 2413 1868 nostra

193 1901 365 1934 varietate
389 1901 429 1943 3,
458 1901 621 1935 habeam.
664 1900 721 1935 De
748 1901 930 1935 Bufone
965 1905 1146 1945 guttato
1175 1900 1430 1942 Scnnfflmzm,
1471 1912 1576 1945 quem
1602 1899 1777 1943 DAUDIN,
1815 1901 1851 1934 in
1873 1901 2110 1935 LATREILLEI
2138 1901 2230 1935 Hist.
2247 1899 2411 1945 Rept.II

192 1979 224 2011 p.
245 1967 335 2009 131,
370 1979 434 2011 pro
462 1968 581 2011 specie
608 1969 780 2011 peculiari
806 1968 958 2011 recepit,
993 1972 1137 2012 postea,
1165 1968 1201 2001 in
1228 1968 1321 2001 Ilist.
1345 1967 1437 2002 Rau.
1465 1971 1500 2001 et
1526 1967 1619 2001 lIist.
1643 1966 1768 2012 Repe,
1804 1979 1884 2001 eum
1910 1967 2042 2012 Agua
2067 1968 2269 2012 conjunxit,
2306 1966 2411 2002 MER-

193 2044 267 2068 assn
296 2038 415 2067 autem
442 2035 697 2079 interrogative
725 2036 770 2068 ad
796 2035 1014 2068 marinum
1050 2035 1228 2077 adhibuit,
1272 2034 1495 2068 LA'rssmLLE
1524 2034 1631 2078 (Hist.
1657 2034 1762 2079 Rept.
1780 2034 1854 2076 IV,
1884 2046 1917 2079 p.
1935 2034 2022 2077 293)
2051 2039 2190 2077 censet,
2233 2046 2315 2069 eum
2340 2039 2413 2069 tam

189 2101 326 2135 marino
354 2112 459 2146 quam
484 2102 615 2145 Agnae
643 2102 817 2135 confinem
844 2113 924 2135 esse
952 2122 999 2126 ———
1044 2100 1103 2135 Ex
1129 2102 1184 2136 his
1212 2102 1375 2136 omnibus
1402 2102 1567 2136 confusio
1594 2102 1852 2136 inextricabilis
1878 2113 1917 2135 se
1943 2102 2148 2136 manifestat
2180 2103 2272 2136 inter
2307 2102 2412 2136 mari-

191 2180 276 2202 num
304 2172 338 2202 et
364 2168 530 2213 Aguam,
575 2179 667 2213 quae
696 2169 774 2202 sola
800 2169 1020 2213 inspectione
1047 2168 1221 2202 individui
1248 2169 1377 2213 ipsius,
1415 2169 1512 2214 quod
1538 2168 1693 2203 DAUD1N
1721 2169 1757 2202 in
1783 2169 2021 2214 descriptione
2046 2169 2178 2215 Agnae
2204 2180 2326 2204 coram
2351 2169 2412 2203 ha-

192 2237 286 2278 buit,
322 2236 398 2269 tolli
424 2239 542 2279 potest
568 2255 616 2260 —
643 2234 701 2270 De
728 2236 873 2270 Bufonc
900 2236 1062 2270 scabro
1092 2240 1128 2270 et
1160 2236 1433 2281 bengalensi
1458 2235 1663 2280 DAUDm‘u,
1692 2247 1781 2282 quos
1807 2235 1976 2271 anssm
2003 2236 2049 2271 ad
2073 2236 2250 2271 marinum
2275 2237 2410 2278 laudat,

192 2304 358 2337 conferas
388 2302 543 2346 speciem
571 2307 788 2347 sequentem.

339 2385 563 2430 Princeps
590 2395 638 2419 DE
666 2386 783 2419 WVnzn
812 2386 972 2428 (Abbild.
999 2385 1192 2420 Fasc.VII
1219 2387 1289 2420 tab.
1310 2386 1345 2429 1)
1373 2387 1494 2421 icones
1521 2387 1630 2421 maris
1657 2391 1691 2420 et
1717 2387 1872 2421 feminae
1898 2387 2061 2432 Aguac
2088 2387 2216 2430 edidit,
2252 2388 2298 2422 ad
2323 2399 2411 2433 quas

191 2453 390 2486 marinus
425 2452 623 2486 MERREMH
652 2456 687 2486 et
717 2453 828 2497 Agua
854 2452 1039 2486 DAUDINH
1066 2453 1266 2487 laudantur.
1327 2453 1388 2487 Ad
1424 2458 1585 2487 nostrum
1618 2454 1792 2488 marinum
1818 2454 1929 2498 Agua
1961 2453 2140 2499 Principis
2173 2455 2270 2488 nullo
2302 2455 2409 2488 modo

191 2520 353 2553 adhiberi
379 2523 515 2563 potest,
563 2521 608 2553 ob
642 2520 795 2553 formam
821 2520 1001 2553 diversam
1027 2520 1247 2564 parotidum3
1289 2521 1333 2553 ab
1361 2521 1471 2565 Agua
1500 2520 1685 2555 DAfflmx‘u
1715 2526 1833 2554 autem
1865 2522 1927 2555 illa
1952 2520 2148 2566 Principis,
2189 2522 2410 2567 marginibus

191 2587 340 2620 elevatis
368 2587 510 2630 capitis,
554 2587 680 2620 differt.
735 2586 860 2620 Posito
888 2591 1024 2629 tamen,
1068 2587 1213 2632 Aguam
1241 2587 1424 2622 DAEDINH
1462 2589 1552 2621 tales
1579 2588 1759 2632 margines
1786 2588 1973 2631 habuisse,
2010 2600 2145 2634 eosque
2170 2589 2248 2623 sola
2272 2589 2411 2623 incuria

190 2654 336 2698 pictoris
364 2658 425 2687 aut
450 2654 638 2697 sculptoris
666 2655 848 2699 neglectos
877 2666 975 2696 esse,
1016 2654 1148 2699 Aguae
1174 2655 1360 2699 utriusque
1387 2656 1543 2689 auctoris
1572 2656 1696 2689 forsan
1724 2657 1769 2690 ad
1793 2667 1901 2689 uuam
1928 2656 2149 2702 eandemque
2175 2656 2330 2701 speciem
2354 2667 2410 2690 re-

189 2722 276 2755 ferri
302 2724 457 2765 possent.
511 2720 702 2755 Pal-otides
729 2722 852 2755 ovales
879 2721 1010 2766 Agnae
1037 2720 1214 2765 Principis
1250 2722 1511 2767 quodammodo
1546 2734 1626 2756 cum
1659 2723 1880 2767 parotidibus
1914 2723 2027 2757 nostri
2059 2723 2246 2758 icterici
2279 2735 2409 2757 conve-

192 2789 309 2827 niunt,
337 2791 459 2821 nostro
487 2792 605 2821 autem
631 2789 741 2821 multo
768 2789 950 2832 longiores
977 2776 1090 2822 sunt..
1112 2788 1284 2833 Aliquam
1317 2789 1583 2823 similitudinem
1608 2801 1685 2824 mas
1703 2790 1834 2834 Aguae
1860 2789 2037 2834 Principis
2064 2802 2145 2824 cum
2169 2794 2292 2825 nostro
2325 2802 2406 2824 mu-

191 2856 287 2889 sico
316 2855 440 2897 habet,
476 2855 534 2888 cui
567 2859 685 2888 tamen
712 2855 893 2899 parotides
924 2856 1152 2899 angustiores
1178 2856 1365 2900 minusque
1392 2856 1550 2889 tumidae
1577 2860 1658 2890 sunt
1686 2860 1721 2890 et
1747 2857 1879 2890 sensim
1905 2858 1940 2890 in
1967 2858 2095 2891 seriem
2121 2858 2304 2892 lateralem
2329 2869 2408 2891 ver—

190 2933 355 2955 rucarum
382 2922 484 2967 quasi
511 2922 772 2964 dissolvuntur3
806 2933 980 2955 verrucae
1007 2922 1121 2956 trunci
1148 2926 1183 2955 et
1210 2926 1350 2956 artuum
1376 2923 1502 2956 musici
1521 2933 1661 2968 quoque
1688 2925 1920 2958 confertiores
1947 2929 2029 2959 sunt
2062 2928 2097 2958 et
2122 2926 2276 2958 minores
2303 2935 2408 2969 quam

190 2988 226 3021 in
254 2988 373 3032 Agua.
425 2988 574 3022 Femina
600 2989 733 3034 Aguae
761 2988 937 3033 Principis
965 2990 1009 3022 ab
1037 2989 1200 3023 omnibus
1226 2989 1437 3031 husonibus,
1472 2993 1644 3034 quotquot
1675 3002 1799 3024 eorum
1825 2992 1916 3032 vidi,
1955 3003 1997 3025 eo
2026 2992 2161 3034 differt,
2196 2991 2289 3036 quod
2315 3002 2407 3025 mar-

192 3055 293 3099 gines
329 3055 459 3088 elevati
486 3056 610 3100 capitis
645 3056 781 3100 postice
817 3057 957 3101 occiput
982 3060 1183 3099 transeant,
1225 3057 1376 3102 indeque
1402 3057 1439 3090 in
1465 3057 1581 3101 capite
1615 3069 1735 3091 aream
1762 3058 2000 3103 heptagonam
2027 3059 2236 3099 exhibeant,
2276 3058 2408 3103 ubique.

192 3122 352 3155 clausam
380 3125 414 3154 et
441 3123 542 3165 quasi
570 3123 883 3157 circumvallatam.
938 3122 1130 3158 Caeterum
1163 3127 1282 3158 autem
1316 3123 1506 3168 descriptio
1533 3124 1664 3169 Aguac
1700 3126 1846 3168 melius,
1888 3137 1994 3170 quam
2027 3126 2125 3168 icon,
2171 3125 2217 3158 ad
2249 3129 2409 3159 nostrum

196 3187 370 3222 marinum
394 3189 555 3231 quadrat.

345 3271 445 3304 Inter
479 3271 643 3304 Rusones
677 3271 802 3305 SPlxll
831 3274 901 3306 duo
936 3277 1037 3316 sunt,
1080 3285 1160 3308 cum
1192 3278 1315 3307 nostro
1349 3273 1489 3307 marino
1518 3276 1769 3319 comparandi:
1812 3274 2157 3309 maculiventris
2192 3276 2277 3318 (tab.
2302 3274 2408 3318 XIV,

194 3339 250 3382 fig.
272 3339 306 3380 1)
335 3341 370 3371 et
396 3338 528 3382 Agua
556 3339 640 3381 (tab.
657 3337 756 3380 XV).
809 3338 896 3380 Ille,
931 3345 1072 3383 praeter
1098 3341 1258 3375 maculas
1286 3341 1541 3383 abdominales,
1576 3342 1694 3375 forma
1713 3343 1884 3386 parotidis
1911 3354 2049 3387 quoque
2078 3342 2210 3384 differt,
2246 3354 2312 3376 nec
2336 3354 2406 3376 non

194 3405 352 3438 verrucis
379 3405 575 3447 majoribus
603 3405 700 3438 dorsi
727 3405 1011 3441 confertioribus.
1067 3408 1213 3452 Agna,
1248 3419 1398 3451 corpore
1425 3409 1633 3452 grandiore.
1670 3409 1831 3453 parotide
1865 3409 2010 3442 cordata
2038 3409 2133 3449 (licet
2160 3409 2254 3443 haud
2281 3413 2406 3442 exacte

196 3482 274 3504 eum
301 3472 461 3514 parotide
487 3476 631 3505 nostrae
658 3472 790 3516 speciei
824 3474 1089 3517 conveniente),
1130 3475 1258 3508 melius
1292 3475 1429 3508 marino
1460 3477 1670 3519 respondet3
1712 3476 1827 3509 differt
1860 3479 1978 3509 autem
2014 3476 2174 3510 verrucis
2210 3476 2405 3518 majoribus

197 3537 293 3571 dorsi
318 3539 609 3581 confertior-ibus,
639 3550 705 3573 nec
732 3540 777 3573 ad
803 3539 958 3574 medium
984 3541 1080 3575 dorsi
1107 3541 1142 3575 in
1169 3541 1281 3575 series
1307 3542 1396 3576 duas
1424 3543 1615 3587 dispositis,
1642 3542 1768 3587 palmis
1789 3542 1986 3587 plantisque
2013 3544 2137 3577 subtus
2164 3542 2259 3576 haud
2285 3543 2401 3576 tuber-
