2632 3890
266 118 331 161 40
1181 114 1556 152 BATRAGHIA.

264 227 401 273 rugati,
442 226 534 271 pleni
561 212 667 271 atque‘
692 226 851 270 carnosi,
878 226 996 269 leves,
1024 225 1220 261 femoribus
1246 224 1332 259 solis
1358 223 1517 267 inferne,
1553 235 1660 258 anum
1685 235 1832 268 versus,
1861 223 2278 271 subruguloso-scabris,
2330 221 2472 268 Corpus

264 305 433 339 superne,
477 294 521 327 ab
548 293 648 336 apice
674 294 841 329 maxillae
868 294 1060 338 superioris
1088 293 1133 326 ad
1160 292 1289 336 digitos
1315 303 1446 337 usque,
1481 292 1608 336 poris
1635 291 1955 326 minutissimis
1982 296 2114 334 scatet,
2151 291 2275 335 quales
2303 290 2408 324 etiam
2434 292 2471 325 in

264 361 367 395 Rana
393 359 574 393 esculenta
600 364 635 394 et
662 361 894 405 temporaria,
933 363 996 395 sed
1022 359 1131 392 multo
1159 359 1361 393 subtiliores
1389 370 1495 404 quam
1521 359 1555 392 in
1582 358 1693 403 picta,
1729 362 1764 392 et
1790 359 1867 391 solo
1895 360 1997 393 oculo
2026 362 2161 392 armato
2188 357 2391 398 distinctos,
2418 357 2470 391 vi-

262 429 346 461 dere
371 427 471 468 licet,
498 427 637 461 inferne
664 431 783 461 autem
808 428 905 472 poris
932 428 1029 460 caret
1054 445 1102 450 —
1130 424 1270 460 Color
1295 428 1420 460 subtus
1447 427 1568 468 albus3
1595 436 1703 469 supra
1729 425 1873 459 sordide
1897 426 2102 469 fuscescens
2141 425 2190 468 (in
2214 425 2299 458 vivo
2327 423 2471 457 animali

259 495 383 528 forsan
409 493 566 536 viridis),
602 494 657 528 his
684 495 847 538 picturis:
881 493 918 526 A
944 492 1112 526 maxillae
1138 494 1332 537 superioris
1361 493 1460 537 apice
1487 493 1568 526 inde
1595 493 1641 525 ad
1667 503 1774 525 anum
1800 503 1930 536 usque,
1958 503 2021 536 per
2047 496 2160 526 totum
2186 492 2348 532 dorsum,
2376 491 2471 523 linea

258 561 339 595 alba
365 565 596 604 excurrente,
620 562 716 594 linea
741 562 861 602 fusca,
890 560 934 593 ab
962 559 1063 603 apice
1088 561 1255 594 maxillae
1282 572 1346 604 per
1371 571 1495 594 narem
1522 560 1567 594 ad
1595 560 1735 593 oculum
1763 559 1889 601 ducta3
1924 559 2072 593 maculis
2098 560 2212 593 tribus
2237 558 2349 593 fuscis
2375 558 2470 591 infra

259 628 438 673 singulum
465 628 624 670 oculun13
650 627 869 671 marginibus
883 627 1109 662 maxillarum
1133 627 1473 670 fusco-maculatis,
1498 627 1648 660 maculis
1674 626 1772 659 dorsi
1798 626 1937 659 circiter
1962 626 2011 660 20
2024 626 2155 669 fuscis;
2179 626 2311 670 pedum
2336 624 2469 658 antico-

253 706 333 729 rum
358 695 506 729 maculis
533 694 744 739 quibusdam
767 694 898 736 fuscis,
925 695 1043 728 medio
1070 695 1334 739 pallidioribus,
1362 695 1439 728 fere
1465 694 1613 727 maculis
1640 693 1845 737 compositis
1871 693 1953 726 felis
1980 704 2092 726 oncae
2107 692 2299 736 similibus;
2324 692 2468 726 femori-

255 762 321 795 bus
347 772 518 806 superne,
545 761 609 794 sed
634 761 749 806 magis
775 772 902 795 versus
928 762 1022 795 latus
1048 762 1245 804 internum,
1281 762 1465 806 eleganter
1490 761 1594 795 fusco
1623 761 1775 805 alboque
1801 760 2045 802 marmoratis,
2078 770 2205 793 versus
2231 759 2323 793 latus
2351 762 2467 793 exter-

254 840 337 862 num
364 831 482 861 autem
507 828 656 861 maculis
682 828 860 862 nonnullis
885 829 998 862 fuscis
1025 829 1300 873 irregularibus,
1329 840 1479 873 quarum
1504 828 1679 873 quaedam
1707 827 1961 869 obsoletiores,
1997 830 2058 860 aut
2082 827 2152 860 illis
2179 827 2309 870 pedum
2335 825 2468 859 antico·

252 906 330 928 rum
356 895 507 936 similes,
550 898 622 928 tres
656 898 776 929 autem
801 896 956 938 majores
990 897 1187 930 subovatae
1221 896 1330 930 limbo
1366 896 1484 930 albido
1519 895 1757 929 circumdatae
1791 898 1891 937 sunt,
1931 894 2144 938 variegatis,
2185 894 2350 927 tibiarum
2376 893 2469 926 suris

252 965 386 1006 septem
412 962 535 995 talium
560 962 781 996 macularum
807 963 1001 1006 majorum,
1029 974 1178 1007 quarum
1205 963 1349 997 ultimae
1376 966 1495 996 autem
1521 962 1676 996 minores
1703 966 1803 1004 sunt,
1839 962 1991 1004 ornatis,
2026 964 2300 1005 praetereaque,
2340 971 2468 994 versus

251 1029 342 1062 latus
370 1040 492 1062 earum
518 1032 725 1071 externum,
752 1030 901 1063 maculis
928 1030 1101 1063 similibus
1128 1040 1170 1063 ac
1196 1030 1231 1063 in
1258 1030 1369 1063 latere
1397 1034 1545 1063 externo
1572 1030 1766 1072 fenmrum3
1803 1032 1980 1062 tarsorum
2005 1028 2116 1062 latere
2144 1032 2292 1062 externo
2319 1027 2468 1061 maculis

249 1099 400 1140 quatuor
424 1096 563 1140 magnis
588 1096 718 1138 fuscis,
751 1097 869 1130 fornia
896 1099 931 1130 et
956 1097 1027 1130 situ
1053 1108 1134 1130 cum
1158 1097 1307 1131 maculis
1334 1097 1498 1131 tibiarum
1524 1097 1812 1141 congruentibus.

398 1162 501 1197 Haec
526 1174 614 1197 rana
638 1164 762 1198 forsan
789 1175 869 1197 cum
895 1162 939 1198 R.
966 1163 1187 1208 tigerina,
1215 1165 1410 1198 secundum
1427 1163 1611 1198 DAUDINH
1639 1163 1912 1207 descriptionem
1939 1165 1974 1195 et
2000 1161 2156 1203 iconem,
2189 1161 2372 1206 jungenda
2397 1164 2469 1204 est3

249 1230 421 1275 tigerinae
448 1234 567 1264 autem
593 1231 755 1264 maculae
781 1231 943 1264 dorsales
969 1234 1005 1264 et
1030 1231 1223 1265 femorales
1251 1232 1448 1275 descriptae
1476 1231 1614 1265 desunt.
1666 1230 1798 1264 Forma
1825 1232 1861 1263 et
1896 1229 2079 1273 proportio
2112 1229 2272 1272 corporis
2299 1228 2466 1273 partium-

248 1309 315 1342 que
343 1298 421 1341 ejus
447 1298 493 1330 ad
518 1301 676 1331 nostram
701 1298 862 1342 quadrat.
914 1296 1115 1332 Denticulis
1140 1298 1386 1340 maxillarum,
1428 1309 1577 1342 quorum
1604 1296 1759 1331 DAUmN
1792 1297 1829 1330 in
1866 1296 2103 1340 descriptione
2129 1296 2343 1329 mentionem
2368 1296 2466 1338 facit,

249 1376 372 1398 omnes
398 1376 509 1398 ranae
535 1365 729 1398 instructae
754 1368 855 1408 sunt3
895 1364 932 1398 in
958 1368 1080 1399 nostra
1107 1365 1201 1409 picta
1234 1365 1271 1399 hi
1298 1365 1466 1399 denticuli
1499 1365 1595 1398 haud
1628 1364 1783 1408 majores
1810 1367 1893 1397 sunt
1918 1375 2023 1408 quam
2050 1364 2086 1396 in
2113 1364 2295 1396 esculenta
2321 1366 2356 1396 et
2380 1366 2466 1396 tem-

245 1432 399 1475 poraria.
451 1431 581 1465 Itidem
606 1432 739 1475 pictae,
781 1432 819 1465 in
845 1432 962 1466 antico
995 1433 1163 1466 maxillae
1190 1433 1369 1466 inferioris
1396 1433 1575 1477 margine,
1618 1432 1803 1465 tubercula
1829 1431 1898 1464 tria
1923 1430 2151 1464 dentiformia
2176 1434 2275 1473 sunt,
2317 1430 2464 1464 fossulis

246 1499 359 1533 tribus
386 1499 554 1533 maxillae
581 1499 776 1543 superioris
802 1500 1072 1544 respondentia,
1116 1499 1208 1534 sicut
1233 1500 1490 1543 temporariae,
1526 1499 1750 1541 esculentae,
1793 1499 1941 1543 aliisque
1974 1517 2022 1522 —
2055 1496 2174 1531 Etiam
2200 1496 2328 1531 Rana
2353 1498 2465 1531 ridi-

245 1566 413 1609 bunda,
440 1566 635 1600 secundum
662 1566 936 1611 descriptionem
963 1568 1040 1610 ejus
1067 1566 1329 1609 Pallasianam,
1357 1578 1379 1600 a
1397 1566 1642 1600 SCHNEmERo
1668 1569 1865 1610 receptam,
1893 1565 1940 1599 ad
1965 1568 2123 1598 nostram
2148 1565 2277 1609 pictam
2304 1564 2466 1598 adhiberi

245 1637 386 1677 posset3
422 1645 505 1667 nam
530 1633 793 1678 magnitudine,
827 1635 945 1669 forma
972 1635 1116 1678 capitis,
1151 1634 1248 1679 poris
1274 1635 1524 1678 palpebrarum
1551 1637 1587 1667 et
1619 1633 1734 1676 dorsi,
1776 1645 1844 1667 nec
1869 1644 1941 1666 non
1966 1632 2061 1665 linea
2085 1632 2200 1672 flava,
2235 1642 2316 1666 cum
2341 1636 2464 1665 nostra

243 1700 427 1745 congruit3
454 1701 518 1734 sed
541 1701 685 1745 reliquis
712 1701 859 1745 picturis
887 1701 982 1734 haud
1009 1702 1095 1735 satis
1124 1704 1288 1735 accurate
1315 1701 1520 1745 descriptis,
1549 1701 1593 1735 de
1619 1700 1802 1734 identitate
1829 1703 1890 1733 aut
1916 1699 2122 1733 diversitate
2149 1699 2226 1742 ejus
2245 1699 2341 1732 haud
2368 1699 2464 1733 omni

245 1768 455 1801 certitudine
482 1767 670 1811 dijudicari
696 1771 813 1812 potest
848 1789 895 1794 —
936 1767 1055 1813 Magis
1084 1769 1288 1809 discedunt,
1329 1769 1524 1802 secundum
1551 1768 1806 1812 descriptiones
1833 1771 1868 1800 et
1893 1767 2033 1809 icones,
2067 1765 2194 1800 Rana
2219 1766 2401 1810 pipiens
2429 1770 2463 1800 et

244 1834 371 1868 Rana
396 1835 624 1879 mugiens,
653 1836 697 1868 de
723 1836 851 1880 quibus
879 1837 1043 1869 conferas
1070 1836 1226 1879 speciem
1251 1840 1458 1881 sequentem
1484 1856 1531 1861 -——
1559 1835 1635 1870 Sed
1662 1836 1705 1869 de
1733 1835 1896 1869 omnibus
1911 1834 1967 1869 his
1994 1834 2181 1879 speciebus
2208 1834 2463 1878 descriptiones
2489 1844 2492 1849 ·

245 1906 276 1935 et
306 1902 513 1936 collationes
540 1903 779 1937 accuratiores
807 1902 923 1937 adhuc
950 1903 1207 1937 desiderantur.

322 2439 468 2475 l'lrmtis
489 2440 699 2487 palmati8;
725 2437 929 2482 lateribus,
964 2438 1072 2473 domi
1090 2444 1209 2486 parte
1233 2439 1405 2485 postica,
1424 2437 1641 2486 semoribus
1667 2437 1816 2481 subtus,
1856 2440 2093 2480 verrucas-im
2109 2438 2252 2485 filsea,
2280 2437 2380 2473 tibiis

1160 2506 1312 2540 cinereo
1322 2505 1533 2552 -fimcialis.

844 2641 969 2676 Rana
996 2641 1203 2686 mugiens
1229 2640 1357 2675 MERR.

843 2708 970 2742 Rana
996 2708 1178 2753 pipiens
1205 2707 1331 2742 Dim).

391 2841 653 2887 Longitudo
680 2842 703 2876 3
729 2843 897 2886 pollicum
924 2846 959 2876 et
985 2841 1006 2876 5
1033 2842 1217 2876 linearum.
1269 2841 1464 2875 Brachium
1490 2840 1513 2875 6
1530 2841 1643 2874 lineas
1669 2841 1814 2886 longum
1842 2846 1913 2884 est,
1940 2841 2025 2875 ulna
2052 2842 2111 2882 (ad
2138 2842 2239 2876 basin
2266 2842 2366 2886 digiti
2381 2853 2452 2876 me-

244 2907 292 2941 dii
317 2911 443 2952 usque)
472 2909 517 2943 12
545 2910 676 2951 lineas,
704 2910 835 2954 digitus
862 2910 985 2944 tertius
1012 2909 1035 2943 6
1062 2910 1194 2952 lineas,
1231 2910 1347 2943 femur
1375 2909 1432 2951 (ab
1461 2920 1529 2941 ano
1557 2909 1600 2941 ad
1628 2920 1722 2952 genu
1748 2912 1874 2953 usque)
1904 2908 1949 2942 15
1976 2909 2107 2949 lineas,
2142 2910 2227 2943 tibia
2255 2909 2300 2942 18
2326 2910 2451 2952 lineas,

243 2978 360 3008 tarsus
388 2975 447 3015 (ad
474 2976 574 3009 basin
601 2977 791 3020 digitorum
818 2984 943 3021 usque)
973 2977 1019 3010 10
1046 2977 1177 3018 lineas,
1206 2977 1336 3020 digitus
1363 2980 1507 3020 quartus
1535 2975 1579 3009 21
1610 2976 1731 3009 lilleas.
1786 2974 1932 3019 Caput
1958 2977 2141 3018 obtusum,
2170 2980 2334 3019 tympano
2359 2977 2451 3010 orbi-

245 3041 375 3084 culari3
415 3053 476 3075 ore
504 3043 739 3085 denticulato,
784 3045 929 3077 maxilla
956 3044 1125 3077 inferiore
1153 3043 1266 3076 antice
1295 3043 1532 3086 emarginata,
1577 3043 1694 3085 palato
1731 3046 1934 3076 transverse
1968 3043 2144 3084 carinato,
2188 3042 2309 3075 carina
2334 3043 2450 3077 medio

244 3109 338 3142 elata
363 3108 595 3151 denticulata3
634 3110 756 3154 lingua
790 3111 904 3152 ovali,
946 3112 1080 3155 postice
1114 3111 1245 3144 biloba.
1299 3109 1514 3143 Truncus
1548 3109 1718 3142 lateribus
1753 3114 1787 3143 et
1821 3115 1920 3153 parte
1954 3110 2089 3153 postica
2115 3109 2211 3142 dorsi
2237 3111 2450 3144 verrucosis.

245 3174 392 3208 Pedes
420 3176 548 3218 validi3
581 3176 775 3209 femoribus
803 3178 952 3219 crassis,
988 3178 1124 3211 inferne
1151 3176 1411 3218 verruculosis3
1446 3176 1571 3219 palmis
1598 3175 1710 3217 fissis,
1747 3177 1865 3221 digitis
1892 3176 2111 3221 longitudine
2137 3187 2261 3219 parum
2289 3177 2450 3219 diversis,

244 3241 266 3275 2
295 3246 327 3274 et
354 3241 378 3275 ll·
405 3243 622 3275 brevissimis
649 3244 942 3286 subaequalibus,
978 3244 997 3277 1
1028 3244 1221 3286 (interiore)
1248 3243 1410 3286 longiore
1438 3246 1471 3275 et
1499 3243 1692 3284 crassiore,
1728 3243 1750 3277 3
1777 3244 2002 3287 longissi11103
2035 3243 2163 3286 plantis
2190 3244 2371 3286 palmatis,
2400 3245 2450 3277 di-

247 3308 326 3351 gitis
353 3310 397 3342 ad
425 3310 560 3353 apicem
587 3321 699 3354 usque
725 3311 929 3343 membrana
952 3311 1104 3352 junctis,
1149 3311 1167 3345 1
1205 3310 1400 3353 (interiore)
1430 3310 1658 3351 brevissimo,
1700 3309 1722 3343 2
1750 3310 1929 3355 longiore,
1972 3308 1994 3342 3
2022 3312 2057 3341 et
2084 3308 2105 3342 5
2133 3311 2273 3353 aequali
2298 3311 2449 3354 longitu-

247 3374 345 3414 dine,
385 3374 409 3408 4
435 3377 651 3420 longissinm.
705 3375 797 3409 Calli
824 3377 916 3410 infra
942 3381 1056 3410 tarsos
1084 3382 1116 3410 et
1145 3378 1276 3422 digitos
1302 3376 1406 3420 plane
1434 3376 1578 3416 desunt,
1621 3388 1685 3409 nec
1712 3377 1779 3409 nisi
1814 3375 2077 3409 articulationes
2111 3377 2300 3420 digitorum
2327 3378 2450 3410 subtus

247 3442 434 3474 verrucula
460 3454 571 3486 parva
597 3448 722 3477 auctae
749 3448 839 3477 sunt.
892 3442 1031 3477 Color
1065 3456 1216 3488 superne
1242 3444 1382 3483 fuscus,
1428 3443 1566 3486 punctis
1593 3444 1784 3487 adspersus
1818 3442 2059 3476 minutissimis
2093 3443 2242 3477 cinereis
2269 3444 2448 3485 confertis,
