2534 3890
180 237 244 281 93
1103 226 1476 263 BATRAGHIA.

177 347 417 381 membranam
443 347 585 377 tenuem
611 341 824 386 pellucidam
850 340 1076 374 inclusorum.
1129 336 1294 382 Vestigia
1319 336 1446 370 harum
1473 335 1707 380 appendicum
1733 337 1841 372 etiam
1866 337 1902 372 111
1927 337 2111 371 individuo
2131 337 2302 381 masculo,
2329 337 2388 372 die

177 414 225 447 10
249 412 339 455 Maji
366 410 589 451 examinato,
629 409 666 442 in
692 412 919 454 conspectum
945 405 1150 450 prodibant,
1185 408 1373 450 postquam
1400 403 1583 437 testiculos
1609 403 1791 449 utriusque
1817 405 1939 440 lateris
1964 405 2159 439 lateraliter
2183 405 2291 449 paulo
2318 405 2387 439 dis-

174 484 353 513 traxeram
392 478 463 523 (fig.
490 476 542 519 V,
589 476 669 520 11),
713 476 767 510 his
794 473 1009 518 respondent
1041 483 1194 516 corpora
1218 472 1315 506 lutea
1340 471 1377 505 in
1402 470 1431 505 F
1436 480 1539 504 UNKn
1567 471 1638 504 tab.
1655 470 1697 513 2,
1739 471 1798 516 fig.
1821 473 1888 515 12,
1937 477 1968 515 t,
2013 476 2036 507 t.
2089 471 2147 506 De
2174 472 2230 506 his
2256 483 2386 517 appen-

172 546 308 580 dicibus
335 545 653 579 Salamandrarum
680 547 715 577 et
740 542 945 585 Molgarum
971 540 1116 574 consule
1141 538 1362 574 RATHKEUM
1397 549 1478 583 pag.
1495 537 1518 572 3
1544 548 1619 583 sqq.

319 611 365 646 In
390 623 507 655 mare,
549 612 606 645 die
635 610 682 645 10
697 608 788 652 Maji
822 607 976 641 dissecto
1012 607 1084 652 (fig.
1101 606 1190 650 IV),
1232 617 1299 640 vas
1333 606 1475 652 nigrum
1507 617 1601 650 pone
1637 608 1672 639 et
1704 605 1798 639 infra
1830 606 2013 641 testiculos
2048 606 2263 651 conspicitur
2300 605 2388 649 (12),

168 679 263 725 quod
298 683 398 714 recta
431 679 616 714 descendit
649 680 684 710 et
716 676 753 709 in
779 675 942 709 sacculos
967 676 1261 709 membranaceos
1299 672 1409 716 (14),
1453 673 1615 716 ejusdem
1641 672 1771 707 indolis
1799 683 1841 706 ac
1875 673 1911 706 in
1937 672 2070 719 Molgis
2103 673 2389 719 nigro-alboque

168 747 339 790 lineatos,
368 747 503 781 transit.
555 744 673 787 Hujus
700 743 817 785 vasis,
851 754 917 787 pro
943 753 1053 776 vase
1081 742 1321 775 deferente
1348 751 1370 773 a
1395 751 1452 774 me
1479 740 1610 782 habiti,
1645 751 1779 774 nexum
1805 752 1886 775 cum
1911 741 2083 775 testiculis
2111 741 2312 775 accuratius
2338 740 2390 773 in-

165 815 367 859 vestigans,
400 817 519 858 partes
546 811 721 857 genitales
747 810 869 844 lateris
895 810 1080 855 utriusque
1107 809 1215 853 paulo
1243 807 1504 850 distrahebam,
1532 807 1624 842 sicut
1649 807 1755 852 fig.v
1783 819 1844 842 eas
1872 808 2037 852 exhibet3
2064 808 2161 842 haud
2187 819 2274 842 vero
2300 807 2389 842 mihi

165 882 398 922 succedebat,
431 890 564 913 nexum
590 878 843 923 investigatum
869 877 1046 922 reperire,
1081 876 1146 910 sed
1171 887 1236 910 vas
1262 876 1350 909 illud
1376 875 1517 920 nigrum
1545 875 1641 918 (12),
1675 886 1767 919 pone
1795 875 1979 910 testiculos
2006 876 2222 918 ascendens,
2257 875 2389 909 sensim

163 949 365 992 sensimque
392 949 623 988 attenuatum,
652 946 795 979 tandem
821 945 857 978 in
883 945 1090 989 peritonaeo
1118 944 1366 977 evanescebat.
1418 942 1522 976 Idem
1548 943 1655 976 etiam
1670 941 1833 976 RATHKE
1861 944 1905 977 de
1930 954 2020 977 vase
2046 944 2231 977 deferente¹
2244 941 2389 987 Molges

163 1015 288 1057 tradit,
322 1026 402 1060 pag.
423 1014 482 1048 70.
534 1014 564 1048 F
569 1023 643 1048 UNK
670 1013 739 1047 1100
765 1024 829 1046 vas
864 1012 1050 1054 deferens,
1089 1023 1136 1045 ex
1164 1011 1264 1055 apice
1290 1010 1463 1044 inferiore
1489 1010 1642 1044 testiculi
1668 1010 1848 1045 inferioris
1874 1011 2042 1055 prodiens
2070 1010 2242 1044 exhibuit.
2292 1008 2388 1044 Pars

161 1082 379 1127 peritonaei,
407 1082 519 1115 instar
544 1082 773 1115 membranae
800 1079 1047 1121 tenuissimae,
1075 1078 1168 1112 inter
1194 1078 1378 1112 testiculos
1405 1077 1568 1112 sinistros
1596 1083 1631 1110 et
1658 1078 1804 1111 dextros
1832 1090 2014 1122 expansa,
2042 1078 2159 1112 medio
2186 1089 2250 1122 per
2276 1081 2387 1111 totam

161 1150 418 1194 longitudinem
444 1149 568 1193 spinae
595 1148 693 1182 dorsi
719 1148 850 1182 adnata
877 1150 941 1181 est.
994 1146 1037 1180 In
1064 1146 1133 1180 hac
1160 1147 1378 1187 membrana,
1405 1145 1596 1190 praecipue
1613 1145 1704 1178 inter
1730 1145 1912 1179 testiculos
1940 1146 2139 1187 inferiores,
2165 1157 2255 1179 vasa
2281 1156 2388 1190 quae-

162 1217 245 1251 dam
274 1219 315 1259 (ε.
335 1228 360 1251 ε.
379 1218 420 1260 ε.)
457 1216 724 1260 conspiciuntur
751 1227 771 1248 e
797 1214 970 1248 testiculis
998 1214 1149 1248 oriunda
1177 1216 1212 1247 et
1238 1225 1318 1247 cum
1344 1213 1442 1247 vasis
1470 1213 1608 1246 duobus
1634 1213 1741 1256 paulo
1770 1212 2027 1255 crassioribus,
2061 1213 2197 1254 rubris,
2225 1213 2270 1245 ad
2297 1223 2388 1245 mar-

160 1284 280 1329 ginem
306 1284 486 1317 internum
517 1295 644 1317 renum
676 1287 774 1317 recta
808 1282 1081 1316 decurrentibus
1109 1279 1250 1324 (aa),
1295 1286 1335 1314 ut
1359 1281 1518 1322 videtur,
1563 1280 1879 1322 communicantia,
1920 1284 2128 1325 postquam,
2171 1280 2278 1324 paulo
2306 1282 2388 1312 ante

159 1363 292 1385 nexum
319 1363 398 1385 cum
432 1350 487 1385 his
513 1351 632 1393 vasis,
673 1350 710 1384 in
736 1351 826 1384 duos
852 1353 972 1383 tresve
999 1360 1118 1399 ramos
1144 1359 1184 1382 se
1212 1348 1418 1382 diviserant.
1479 1347 1554 1381 Sed
1581 1347 1618 1380 in
1643 1359 1759 1386 1111110,
1801 1348 1859 1381 (110
1892 1347 1940 1382 25
1966 1347 2067 1381 Junii
2099 1348 2273 1390 dissecto,
2318 1346 2389 1380 alia

160 1420 335 1464 quaedam
363 1430 451 1452 vasa
477 1418 612 1462 reperi,
660 1417 729 1452 huc
763 1417 983 1451 recensenda
1016 1416 1113 1460 (vide
1139 1415 1197 1460 fig.
1214 1415 1279 1458 II).
1332 1414 1390 1450 De
1418 1415 1615 1459 appendice
1651 1415 1822 1448 inferiore
1849 1426 1963 1459 parva
1999 1426 2129 1449 crocea
2156 1417 2207 1463 (γ)
2235 1414 2389 1448 1051101111

161 1487 279 1521 dextri
306 1498 371 1520 vas
398 1486 533 1530 gracile
560 1488 607 1528 (η)
636 1485 892 1526 descendebat,
921 1496 1007 1518 mox
1033 1488 1170 1525 autem,
1198 1487 1384 1527 postquam
1411 1494 1450 1516 se
1478 1482 1666 1524 diviserat,
1694 1483 1934 1516 reascendens
1956 1494 2049 1527 pone
2076 1483 2277 1517 testiculum
2305 1493 2388 1516 eva-

159 1555 339 1587 nescebat.
392 1553 480 1586 Sine
507 1553 614 1586 dubio
641 1553 710 1586 1100
736 1541 802 1586 v'as
830 1553 924 1586 idem
951 1555 1004 1585 est
1031 1562 1111 1585 011111
1137 1561 1224 1584 vase
1252 1551 1455 1592 deferente,
1489 1549 1604 1594 quod,
1640 1550 1837 1584 secundum
1862 1548 2165 1593 PERRAULTmM,
2200 1562 2220 1584 e
2247 1550 2387 1595 singulo

160 1621 323 1654 testiculo
351 1621 473 1654 oritur.
525 1619 723 1654 Praeterea
750 1619 988 1654 observabam
1023 1620 1093 1652 duo
1121 1618 1192 1651 alia
1217 1628 1308 1651 vasa
1342 1620 1384 1661 (ε,
1402 1619 1446 1660 3.)
1475 1617 1635 1660 ejusdem
1663 1628 1742 1650 cum
1769 1618 1830 1650 illo
1856 1617 2006 1657 indolis,
2048 1618 2264 1662 paralleliter
2290 1622 2389 1652 recta

161 1688 416 1721 descendentia
441 1699 555 1733 usque
589 1688 634 1721 ad
666 1688 784 1721 locum
810 1698 926 1720 nexus
962 1686 1164 1719 vesicarum
1199 1685 1423 1719 seminalium
1457 1696 1538 1718 cum
1565 1685 1708 1728 cloaca3
1749 1686 1814 1718 sed
1839 1697 1955 1730 neque
1983 1690 2096 1719 ortum
2125 1697 2247 1719 eorum
2273 1697 2388 1730 neque

159 1767 293 1789 nexum
320 1767 401 1789 cum
427 1755 574 1800 reliquis
602 1755 699 1788 vasis
725 1754 957 1788 seminalibus
992 1754 1170 1787 extricare
1197 1753 1307 1796 potui.
1362 1752 1536 1796 Suspicor
1563 1755 1736 1794 attamen,
1774 1764 1840 1786 vas
1868 1753 1955 1786 illud
1983 1753 2202 1787 descendens
2230 1757 2265 1787 et
2290 1764 2387 1787 reas-

160 1823 315 1856 cendens
344 1825 391 1866 (27)
425 1822 461 1855 in
488 1834 619 1866 supera
646 1822 844 1856 abdominis
871 1821 1018 1866 regione
1046 1832 1125 1854 cum
1152 1831 1240 1853 vase
1266 1820 1368 1864 nigro
1397 1820 1493 1863 (vide
1520 1819 1653 1864 figuras
1672 1819 1744 1861 lv,
1772 1818 1826 1862 V,
1854 1819 1920 1862 VI,
1950 1821 1995 1854 ad
2024 1820 2104 1863 12),
2142 1821 2187 1854 (10
2214 1832 2284 1866 quo
2307 1821 2384 1864 jam

161 1894 279 1924 actum
305 1895 376 1932 est,
412 1890 576 1934 quodque
603 1890 639 1923 in
665 1889 733 1923 hac
757 1889 872 1934 figura
889 1888 928 1922 II
956 1889 1002 1922 ad
1031 1888 1077 1923 12
1113 1887 1329 1921 delineatum
1356 1891 1427 1929 est,
1472 1898 1511 1920 se
1541 1887 1714 1931 jungere,
1756 1887 1858 1932 eique
1885 1899 2009 1921 semen
2035 1899 2055 1921 e
2081 1888 2255 1922 testiculis
2281 1888 2387 1927 adve-,

161 1956 259 1991 here.
311 1958 452 1991 Forsan
479 1958 586 1991 etiam
612 1969 676 1991 vas
704 1957 900 1990 ascendens
936 1958 983 2000 (η)
1012 1956 1048 1988 in
1075 1966 1194 1988 ramos
1221 1955 1341 1999 plures
1376 1954 1546 1988 dividitur
1573 1959 1607 1987 et
1634 1955 1793 1998 pluribus
1829 1955 1918 1988 locis
1945 1955 1980 1988 iu
2006 1966 2072 1989 vas
2098 1955 2214 1999 majus
2241 1956 2388 1989 descen-

161 2025 249 2058 dens
276 2025 368 2067 abit3
410 2025 493 2058 licet
520 2025 613 2058 enim
646 2024 722 2068 ipse
747 2023 1021 2057 ramificationes
1056 2022 1279 2056 continuatas
1316 2027 1350 2055 et
1383 2022 1572 2055 ulteriores
1600 2021 1635 2054 in
1669 2021 1737 2056 hoc
1764 2022 1957 2066 specimine
1983 2022 2080 2056 haud
2107 2023 2387 2065 observaverim,

160 2095 315 2125 attamen
343 2092 505 2125 distincfe
531 2092 625 2134 vidi,
669 2103 687 2125 e
714 2092 827 2125 latere
861 2091 999 2124 interno
1034 2090 1130 2123 vasis
1165 2089 1413 2123 descendentis
1439 2089 1586 2132 majoris
1620 2090 1791 2133 quosdam
1826 2101 1946 2124 ramos
1974 2093 2078 2133 (usta,
2096 2092 2149 2133 n,)
2176 2091 2295 2133 nasci,
2329 2091 2389 2136 qui

159 2159 282 2193 forsan
309 2159 345 2192 in
372 2170 436 2192 vas
463 2159 647 2201 deferens,
693 2170 740 2192 ex
766 2159 843 2202 ipso
871 2157 1035 2191 testiculo
1063 2161 1198 2199 ortum,
1242 2157 1384 2190 abeunt.
1440 2155 1617 2190 Conferas
1652 2158 1698 2190 ad
1725 2157 1815 2191 111100
1842 2168 1933 2202 quae
1960 2169 2068 2202 supra
2095 2159 2139 2192 de
2165 2158 2264 2193 vasis
2291 2159 2388 2193 defe-

162 2227 322 2260 rentibus
348 2225 571 2271 Molgarum,
599 2227 795 2260 secundum
821 2224 1047 2259 Rcscomnn
1075 2228 1111 2258 et
1137 2223 1375 2266 Rnnxmm,
1413 2224 1554 2257 tradidi.

311 2293 561 2327 Vesiculae
602 2293 852 2327 seminales
889 2292 961 2336 (fig,
978 2291 1034 2326 lv
1062 2295 1096 2325 et
1121 2291 1168 2334 V,
1197 2292 1243 2325 ad
1272 2291 1332 2334 14)
1370 2302 1441 2324 uno
1468 2291 1582 2324 latere
1608 2302 1673 2335 per
1708 2295 1819 2326 totam
1844 2292 2102 2337 longitudinem
2135 2305 2215 2327 cum
2241 2294 2387 2328 renibus

161 2360 373 2403 cohaerent,
402 2372 510 2404 super
536 2372 625 2405 quos
653 2364 771 2394 autem
797 2360 847 2393 ita
871 2359 1065 2402 replicatae
1092 2363 1194 2400 511111,
1231 2362 1271 2392 111
1297 2370 1359 2392 005
1386 2358 1582 2392 maximam
1608 2362 1745 2402 partem
1772 2360 1961 2404 obtegant3
2000 2361 2113 2394 latere
2138 2361 2263 2404 libero,
2290 2362 2387 2396 haud

161 2429 310 2469 adnato,
337 2428 533 2461 lateraliter
558 2428 713 2469 reflexo,
742 2427 831 2460 111100
858 2437 1005 2470 organa,
1033 2437 1113 2459 cum
1139 2426 1285 2459 renibus
1314 2425 1390 2467 (20)
1420 2429 1454 2458 01
1487 2436 1575 2459 vase
1603 2426 1786 2459 deferente
1816 2426 1891 2469 (12)
1927 2438 1967 2460 50
2003 2429 2193 2461 ostendunt
2219 2430 2386 2473 quemad-

160 2496 305 2528 modum
339 2495 454 2539 figura
468 2494 522 2529 VI
556 2506 599 2528 ea
633 2494 787 2528 exhibet.
841 2493 955 2527 Latus
989 2493 1140 2526 liberum
1166 2503 1254 2525 vase
1287 2492 1390 2536 nigro
1428 2493 1611 2526 deferente
1639 2492 1714 2535 (12)
1749 2493 1988 2537 mai-ginatum
2015 2498 2088 2538 est3
2134 2506 2224 2528 vasa
2249 2496 2388 2541 reliqua

160 2562 264 2606 nigra
290 2562 489 2603 vesiculae,
526 2563 618 2595 inter
644 2573 682 2595 se
710 2565 745 2594 et
771 2572 852 2594 cum
878 2572 966 2594 vase
992 2560 1060 2593 isto
1088 2559 1276 2604 marginali
1301 2559 1491 2603 parallela,
1529 2559 1625 2593 haud
1652 2571 1766 2604 aeque
1793 2561 1863 2594 alte
1891 2562 2086 2595 ascendunt
2113 2573 2155 2596 ac
2181 2562 2286 2605 illud,
2322 2564 2386 2598 sed

161 2630 207 2662 ad
234 2629 430 2674 marginem
458 2630 650 2670 internum,
687 2640 767 2662 011111
793 2628 938 2662 renibus
966 2628 1153 2669 coalitum,
1190 2630 1418 2660 evanescunt.
1473 2626 1564 2660 Cum
1591 2628 1709 2672 itaque
1737 2627 1773 2661 hi
1798 2629 1933 2662 sacculi
1957 2629 2209 2672 membranosi,
2237 2637 2271 2663 et
2297 2642 2387 2665 vasa

159 2697 263 2741 nigra
291 2708 432 2738 eorum,
480 2696 576 2730 haud
604 2708 683 2729 cum
709 2695 899 2737 testiculis,
941 2695 1005 2728 sed
1031 2694 1149 2739 potius
1176 2705 1256 2728 cum
1292 2694 1437 2728 renibus
1472 2694 1630 2728 intimius
1661 2695 1778 2738 juncti
1805 2707 1885 2730 esse
1920 2697 2128 2741 videantur3
2169 2697 2385 2743 insuperque

160 2765 334 2808 quaedam
360 2775 449 2798 vasa
476 2764 667 2808 graciliora
694 2766 735 2803 (ε.
754 2775 779 2798 ε.
799 2775 825 2797 ε.
843 2765 906 2805 ε.),
935 2774 954 2795 0
976 2762 1148 2795 testiculis
1176 2765 1273 2803 orta,
1301 2773 1382 2794 cum
1408 2761 1478 2795 alio
1506 2773 1594 2796 vase
1623 2762 1689 2805 (9),
1717 2763 1754 2796 in
1779 2763 1894 2808 figura
1913 2763 1947 2798 V
1973 2765 2076 2798 lineis
2103 2765 2242 2799 duabus
2267 2766 2385 2800 rubris

161 2832 429 2865 decurrentibus
456 2831 630 2873 indicato,
673 2830 955 2871 communicare,
996 2829 1149 2873 indeque
1176 2840 1264 2861 vera
1289 2840 1379 2862 vasa
1413 2829 1612 2863 deferentia
1648 2841 1728 2864 esse
1754 2831 1963 2875 videantur;
2005 2832 2268 2877 suspicaremus
2294 2833 2383 2875 fere,

161 2900 323 2932 sacculos
350 2900 620 2932 membranosos
647 2898 764 2942 potius
793 2898 838 2931 ad
865 2908 969 2930 renes
996 2897 1192 2940 pertinere,
1220 2895 1288 2928 nisi
1315 2896 1476 2929 defectus
1505 2908 1630 2930 eorum
1656 2897 1693 2930 in
1719 2898 1860 2932 feminis
1887 2898 2205 2933 Salamandrarum
2230 2905 2266 2933 et
2290 2899 2383 2934 Mol-

163 2977 288 3009 garum
315 2967 501 3009 probaret,
540 2978 602 2999 eos
630 2965 791 3009 partibus
818 2964 1026 2998 sexualibus
1060 2963 1211 2997 marium
1239 2963 1526 2997 adnumerandos
1553 2975 1646 2998 esse.
1700 2963 1878 3000 Conferas
1905 2977 1997 3011 quae
2024 2968 2068 3000 de
2094 2967 2149 3000 his
2177 2967 2322 3012 organis
2347 2967 2383 3000 in

162 3031 296 3076 Molgis
323 3033 484 3067 disserui.
537 3033 664 3074 FUNK,
700 3033 761 3066 ubi
787 3043 868 3076 pag.
885 3031 952 3073 22,
988 3029 1023 3077 ξ.
1040 3031 1088 3065 39
1115 3031 1160 3064 de
1186 3030 1241 3064 his
1268 3030 1367 3064 vasis
1394 3030 1486 3075 agit,
1523 3031 1614 3065 haec
1639 3032 1776 3075 profert
1802 3034 1932 3067 verba:
1982 3033 2162 3076 „Ductuli
2189 3033 2383 3068 albicantes

164 3100 279 3142 „inde
307 3102 342 3141 (a
367 3101 526 3142 renibus)
561 3101 755 3144 prodeunt,
798 3099 859 3144 qui
885 3102 1045 3132 ureteres
1082 3101 1314 3141 componunt,
1359 3102 1393 3130 et
1420 3109 1501 3131 cum
1537 3098 1769 3143 cartilagineo
1798 3101 1933 3135 orificio
1961 3101 2124 3135 annulari
2159 3101 2195 3133 in
2221 3100 2381 3135 cloacam

164 3167 338 3209 „ineunt3
374 3167 436 3199 sed
464 3167 626 3201 adnotari
653 3168 770 3208 debet,
798 3166 833 3199 in
860 3166 981 3199 stricto
1009 3165 1109 3199 verbi
1136 3176 1256 3207 sensu,
1283 3168 1444 3198 ureteres
1472 3166 1600 3199 adesse
1627 3168 1744 3200 nullos
1773 3170 1911 3213 (quum,
1946 3169 1990 3202 de
2017 3169 2143 3213 quibus
2169 3178 2264 3201 nunc
2290 3168 2380 3201 dixi-

166 3260 188 3276 „
198 3245 288 3275 mus,
316 3237 476 3267 ureteres
499 3233 585 3267 nihil
602 3234 698 3267 aliud
721 3234 808 3275 sint,
844 3233 911 3266 nisi
934 3244 1024 3266 vasa
1047 3233 1262 3274 deferentia,
1297 3235 1477 3265 ureterum
1501 3236 1619 3266 autem
1642 3235 1860 3269 functionem
1887 3234 2129 3279 suscipientia)
2158 3238 2193 3268 01
2218 3239 2380 3269 ure-teres

167 3301 362 3345 „proprios
389 3300 469 3333 illos
505 3311 583 3333 esse
618 3301 781 3333 ductulos
815 3302 1155 3333 commemoratos.“
1215 3298 1445 3341 PERRAULT,
1487 3301 1547 3344 qui
1573 3300 1639 3335 hos
1667 3303 1829 3336 sacculos
1870 3303 1939 3336 les
1979 3302 2100 3335 reins
2141 3305 2381 3335 succentu-

168 3369 256 3402 ries
289 3368 462 3412 appellat,
504 3366 625 3400 nescio
661 3378 730 3411 quo
765 3378 886 3399 errore
921 3367 1084 3400 inductus
1119 3366 1323 3408 contendit,
1360 3378 1423 3400 eos
1458 3367 1564 3401 etiam
1591 3367 1627 3400 in
1653 3369 1795 3403 feminis
1830 3369 2030 3412 reperiisse.
2089 3368 2236 3402 Inferne
2264 3369 2325 3411 (ad
2350 3368 2380 3411 l)

169 3435 299 3468 sacculi
325 3435 470 3468 cloacae
498 3435 618 3468 adnati
645 3438 743 3476 sunt3
785 3434 987 3467 insertionis
1013 3435 1092 3468 loco
1121 3437 1257 3475 autem,
1302 3433 1337 3465 in
1364 3434 1503 3467 interna
1529 3435 1674 3469 cloacae
1701 3436 1904 3480 superficie,
1941 3437 2134 3480 respondet
2159 3435 2380 3470 tuberculum

172 3513 337 3545 parvum,
382 3502 417 3535 in
445 3502 546 3545 cujus
574 3505 694 3535 centro
730 3501 901 3534 orificium
928 3502 1099 3535 minutum
1125 3500 1347 3534 sacculorum
1374 3512 1413 3534 se
1441 3502 1605 3535 ostendit.
1660 3502 1732 3536 Per
1757 3503 1825 3536 hoc
1861 3503 2034 3536 orificium
2059 3507 2174 3537 setam
2200 3502 2380 3536 introduxi

173 3569 206 3601 111
235 3568 348 3611 ipsum
374 3569 573 3611 sacculum,
607 3569 666 3614 qui
693 3573 811 3602 autem
845 3571 939 3603 statu
966 3568 1118 3602 naturali
1144 3579 1324 3613 nunquam
1351 3568 1542 3610 distentus,
1578 3570 1643 3603 sed
1669 3580 1810 3614 semper
1835 3570 2032 3615 collapsus,
2060 3581 2139 3604 esse
2168 3570 2306 3603 videtur
2331 3589 2378 3593 —
