2632 3890
1082 153 1168 189 111.
1220 153 1393 190 EMYS.
2313 159 2367 200 11

155 274 217 298 sus
243 262 398 298 directas
425 262 569 297 areolae
594 262 732 306 primae
757 261 841 296 abit.
909 261 946 305 3)
974 261 1006 296 Ε
1032 262 1101 296 hac
1126 267 1252 297 sutura
1277 263 1445 298 circulari
1470 267 1522 297 tot
1547 266 1712 305 suturae,
1753 267 1840 307 quot
1863 267 1947 297 sunt
1973 264 2123 298 scutella
2147 266 2371 310 marginalia,

155 330 353 375 marginem
378 341 506 364 versus
534 333 746 371 excurrunt,
774 329 852 363 fere
877 340 943 374 per
967 330 1123 364 medium
1149 331 1371 375 singulorum
1396 331 1626 366 scutelloriun
1651 330 1900 374 marginalium
1926 331 2101 375 directae3
2153 333 2217 366 sed
2243 333 2372 368 horum

154 398 326 443 primum,
354 399 468 442 impar
495 400 530 430 et
555 396 708 438 lineare,
736 396 870 430 nullam
895 397 983 441 tegit
1009 401 1168 431 suturam
1193 417 1242 422 —-
1268 397 1428 431 Areolae
1455 399 1652 443 descriptae
1678 398 1895 441 respondent
1920 400 2114 442 vertebris,
2150 405 2295 434 suturae
2322 402 2371 435 la-

156 466 289 499 terales
315 465 422 499 costis
449 463 630 505 animalis,
659 467 784 497 sutura
809 464 992 498 circularis
1019 468 1156 506 autem,
1184 468 1220 498 et
1245 468 1391 498 suturae
1418 466 1546 499 breves
1573 465 1808 509 marginales,
1843 465 1982 498 laminis
2009 467 2154 500 totidem
2181 468 2314 510 osseis,
2351 481 2370 501 e

158 533 286 577 quibus
312 543 436 576 margo
464 531 554 564 scuti
582 542 708 564 osseus
736 531 811 575 ipse
838 531 1055 575 compositus
1083 535 1146 565 est.
1182 552 1229 555 —
1282 529 1339 565 De.
1374 535 1474 564 scuto
1504 544 1607 566 osseo
1636 533 1713 576 ipso
1743 532 1803 565 alii
1830 535 1994 565 auctores
2020 533 2135 566 fusius
2157 535 2233 577 jam
2260 536 2370 569 disse-

155 602 323 642 ruerunt3
349 598 505 632 sufficiat
530 597 616 631 mihi
644 597 761 642 itaque
770 623 780 640 ,
808 598 915 631 situm
940 598 1128 631 relativum
1156 602 1191 632 et
1216 599 1482 643 proportionem
1508 600 1739 632 scutellorum
1766 599 1993 642 epidermidis
2021 603 2056 632 et
2082 601 2233 643 partium
2260 603 2369 646 majo-

154 677 235 700 rum
262 665 571 699 constitutivarum
600 670 781 698 scutorum
808 676 1011 707 osseorum,
1040 666 1173 699 suturis
1200 666 1291 699 inter
1318 677 1356 699 se
1379 666 1603 708 junctorum,
1632 666 1943 700 demonstravisse.
1971 687 2018 690 —

305 732 501 766 SCHOEPFF
526 736 559 765 et
577 731 745 765 MERREM
772 733 950 774 scribunt,
978 733 1151 776 palmas
1180 745 1259 766 esse
1286 733 1621 777 subpalmatas,
1651 734 1714 766 sed
1741 734 1775 766 in
1802 737 1923 766 nostro
1952 734 2155 776 individuo,
2183 735 2218 767 in
2245 736 2370 779 spiritu

153 799 228 834 vini
255 804 460 841 asservato,
511 799 612 844 digiti
637 800 834 843 palmarum
861 801 926 833 toti
950 801 1158 833 membrana
1180 801 1296 843 juncti
1321 803 1412 834 sunt.
1490 800 1629 833 Forsan
1656 800 1691 832 in
1718 801 1908 844 specimine
1935 800 2159 834 SCHOEPFFH
2189 803 2368 838 exsiccato

156 867 260 910 (vide
288 867 383 911 apud
409 866 674 900 SCHOEPFFHJM
702 877 781 910 pag.
809 865 879 908 23)
907 868 1114 901 membrana
1140 867 1367 910 conjunctiva
1393 871 1535 911 praeter
1561 871 1724 900 naturam
1750 868 1862 901 scissa
1889 872 1975 901 erat.

913 1231 957 1274 2.
1033 1233 1081 1273 E.
1151 1232 1602 1275 LUTARIA.

287 1367 421 1413 Capite
447 1367 840 1414 calloso-sqmmzoso,
866 1363 1026 1413 pedibus
1043 1364 1136 1412 jere
1158 1366 1361 1412 palmalis,
1388 1367 1556 1401 scutellis
1582 1365 1681 1400 elisei
1706 1367 1752 1401 13
1776 1364 2073 1413 glabrinmdis‚
2101 1368 2231 1404 emula

875 1424 969 1472 fere
995 1423 1187 1459 mediocri.
1215 1425 1357 1460 MERR.
1394 1425 1507 1469 (Tab.
1535 1425 1627 1468 III.)

701 1584 910 1619 Testudo
937 1585 1112 1618 lutaria
1139 1589 1173 1618 et
1201 1597 1434 1630 europaea
1461 1586 1614 1630 plurium
1641 1590 1836 1619 auctorum.

699 1651 833 1695 Emys
861 1663 1092 1697 europaea
1118 1652 1387 1703 Scnwmgaunn.

698 1719 831 1763 Emys
859 1719 1035 1753 lutaria
1060 1719 1242 1754 MERREM.

702 1785 972 1831 Terrapene.
1000 1798 1234 1831 europaea
1259 1787 1376 1821 BELL.

297 1945 574 1980 Controversiae
601 1952 798 1988 auctorum,
817 1946 861 1979 de
887 1945 1070 1980 identitate
1096 1949 1157 1979 aut
1181 1946 1381 1980 differentia
1404 1946 1570 1991 specifica
1584 1945 1767 1990 Emydis
1794 1947 1998 1981 lutariae
2025 1952 2061 1981 et
2087 1960 2357 1995 europaeae,

146 2013 304 2047 nondum
339 2014 553 2057 dijudicatae
588 2017 689 2057 sunt3
741 2016 896 2046 attamen
929 2014 989 2057 qui
1016 2014 1236 2047 identitatem
1263 2014 1458 2048 defendunt
1491 2014 1620 2047 victuri
1647 2025 1726 2047 esse
1752 2015 1927 2048 videntur.
2004 2015 2113 2049 Haud
2138 2027 2225 2050 vero
2253 2019 2358 2053 etiam

146 2081 271 2125 negari
297 2084 431 2124 potest,
459 2081 631 2125 quosdam
658 2084 822 2114 auctores
849 2084 1047 2124 temporum
1073 2081 1321 2123 remotiorum,
1356 2081 1421 2114 sub
1449 2092 1519 2113 uno
1548 2081 1708 2113 alterove
1735 2082 1896 2123 nomine,
1924 2082 2048 2115 forsan
2075 2084 2212 2127 species
2238 2086 2357 2128 plures

147 2148 233 2181 satis
261 2148 422 2181 diversas
450 2148 673 2190 confudisse,
702 2148 744 2181 (10
771 2148 898 2191 quibus
916 2147 1136 2181 SCHNEmER
1164 2148 1294 2191 aliique
1322 2152 1486 2180 auctores
1515 2148 1723 2180 consulendi
1749 2152 1839 2181 sunt.
1894 2148 2100 2182 Testudo
2129 2162 2357 2196 europaea

147 2215 381 2248 SanfflDElu
418 2218 453 2248 et
486 2214 531 2249 T.
559 2215 733 2248 lutaria
767 2214 992 2251 ScuoEPFFn
1027 2225 1098 2248 una
1132 2215 1325 2259 eademque
1360 2215 1497 2258 species
1524 2218 1623 2255 sunt,
1677 2215 1769 2258 quod
1797 2226 1867 2248 non
1893 2216 2008 2249 solum
2035 2228 2055 2249 e.
2081 2217 2356 2262 descriptionum

146 2282 398 2326 congruentia,
441 2283 505 2315 sed
533 2282 638 2315 etiam
666 2294 685 2315 e
714 2280 994 2316 GOTTWALDTH
1022 2282 1124 2315 icone
1151 2285 1265 2325 patet,
1307 2292 1412 2326 quam
1438 2281 1658 2314 SCHNEmER
1685 2282 1729 2315 ad
1757 2293 1973 2326 europaeam
1999 2283 2161 2326 adhibet,
2197 2296 2356 2331 quaeque

146 2360 233 2382 vero
262 2350 367 2382 etiam
396 2349 526 2393 optime
554 2350 599 2382 ad
626 2349 851 2383 ScnoEPFFn
880 2348 982 2382 Test.
1010 2349 1159 2382 lutariae
1186 2349 1336 2393 figuram
1362 2349 1521 2393 quadrat.
1598 2347 1717 2382 Etiam
1742 2349 1975 2382 BRUNNJcnu
2003 2349 2125 2385 Test.
2160 2352 2354 2397 lutaria,

143 2427 249 2460 quam
275 2416 497 2450 Scamnum&
523 2427 603 2460 pag.
632 2416 705 2450 338
733 2417 779 2449 ad
804 2416 896 2449 hanc
922 2417 1077 2460 speciem
1103 2416 1206 2458 citat,
1242 2416 1311 2449 huc
1338 2416 1508 2460 pertinet,
1560 2416 1643 2449 item
1670 2416 1713 2449 la
1741 2416 1880 2459 jaune
1906 2416 2141 2460 LAcEvEnm,
2193 2422 2355 2464 quamvis

144 2482 351 2516 Americam
376 2483 537 2516 habitare
563 2484 695 2525 fertur,
723 2484 818 2528 quod
844 2484 986 2528 quidem
1002 2481 1158 2517 DAUDIN
1184 2487 1310 2528 negat,
1338 2484 1397 2527 qui
1424 2483 1514 2516 hanc
1540 2482 1755 2516 LACEPEDEI
1784 2484 1996 2518 testudinem
2022 2496 2103 2519 cum
2128 2485 2353 2522 SCHOEPFFH

144 2550 275 2583 lutaria
308 2551 501 2595 conjungit.
562 2549 706 2592 Wom,
744 2551 780 2583 in
816 2550 981 2584 SrUani
1017 2550 1164 2583 Faunae
1199 2554 1285 2584 sect.
1313 2550 1372 2585 III
1405 2551 1494 2584 fasc.
1521 2549 1600 2592 ΙΙΙ,
1652 2551 1717 2583 5111)
1744 2550 1887 2584 nomine
1914 2550 2038 2586 Test.
2073 2564 2352 2599 europaeae‚

142 2616 367 2650 SCHOEPFFH
395 2617 610 2651 lutariam
638 2617 826 2661 descripsit
853 2621 887 2650 et
914 2618 1097 2661 eleganter
1123 2617 1265 2661 depingi
1293 2617 1440 2650 curavit.

294 2683 411 2728 Hujus
439 2684 571 2729 speciei
604 2687 754 2718 testae
789 2688 950 2725 nostrae,
985 2684 1205 2728 longitudine
1241 2683 1263 2717 6
1289 2704 1338 2708 —
1366 2683 1413 2724 6¹5
1448 2683 1635 2727 pollicum,
1672 2682 1693 2716 5
1720 2683 1867 2727 pollices
1901 2685 1996 2719 latae
2022 2687 2082 2720 vel
2107 2687 2212 2731 paulo
2241 2699 2350 2732 angu-

143 2750 272 2784 stiores
300 2755 400 2794 sunt3
435 2752 556 2785 colore
582 2751 703 2796 nigro,
731 2752 870 2785 lineolis
897 2751 1162 2792 ssavicantibus,
1199 2751 1235 2784 in
1261 2751 1373 2785 series
1400 2750 1598 2796 dispositis,
1633 2751 1712 2795 plus
1738 2751 1853 2786 minus
1880 2752 2072 2796 distinctis;
2122 2755 2350 2789 scutellorum

142 2818 250 2851 sulcis
278 2819 473 2863 angulatis,
500 2830 581 2852 cum
607 2819 825 2863 marginibus
853 2819 1080 2852 scutellorum
1105 2818 1296 2863 parallelis.

294 2885 490 2919 Scnol-:PFF
517 2885 603 2918 dicit
628 2897 708 2930 pag.
738 2887 778 2929 1,
807 2887 1009 2919 adultorum
1035 2890 1135 2919 scuta
1162 2886 1300 2918 leviora
1326 2896 1406 2918 esse
1433 2885 1561 2918 solere.
1605 2884 1698 2918 Mihi
1725 2889 1842 2918 autem
1870 2890 1923 2918 est
1948 2886 2175 2928 varietas,
2202 2889 2348 2933 reliquis

140 2952 275 2995 minor,
303 2953 367 2987 vix
393 2952 612 2997 longitudine
641 2952 688 2994 5}
714 2954 899 2997 pollicum,
928 2953 1096 2996 indeque,
1125 2957 1162 2985 ut
1189 2953 1332 2996 opinor,
1361 2952 1468 2984 etiam
1490 2951 1629 2994 junior,
1665 2952 1889 2984 nihilominus
1916 2956 2017 2986 scuto
2043 2953 2188 2993 leviori,
2224 2957 2347 2990 sulcis-

141 3030 208 3063 que
243 3021 356 3065 magis
384 3020 578 3053 obliteratis
612 3031 717 3064 quam
743 3021 778 3053 in
804 3021 998 3063 majoribus
1027 3020 1227 3052 individuis.
1278 3019 1352 3052 Sed
1380 3019 1488 3051 etiam
1514 3019 1631 3051 forma
1656 3022 1730 3051 tota
1756 3018 1844 3051 haec
1869 3019 2025 3053 varietas
2053 3021 2169 3055 differt
2195 3023 2238 3055 ab
2266 3023 2346 3065 illis,

142 3097 225 3120 nam
257 3091 396 3121 scutum
423 3088 563 3120 dorsale
591 3091 726 3131 partem
753 3088 903 3121 anticam
931 3098 1056 3120 versus
1084 3087 1193 3119 multo
1219 3086 1332 3130 magis
1360 3089 1568 3129 angustatur
1594 3088 1628 3117 et
1655 3085 1914 3128 comprimitur3
1962 3088 2111 3121 scutella
2136 3089 2345 3133 marginalia

144 3155 279 3197 postica
306 3159 424 3188 autem
450 3155 565 3199 magis
593 3155 627 3187 in
655 3154 760 3187 situm
787 3153 1045 3187 horizontalem
1073 3155 1273 3198 eriguntur,
1325 3156 1500 3192 sternum,
1533 3152 1644 3185 fundo
1671 3152 1773 3196 nigro
1800 3152 1903 3186 lineis
1929 3154 2173 3198 flavoalbidis,
2201 3156 2342 3199 saepius

141 3224 259 3253 autem
286 3222 488 3265 interruptis
516 3225 576 3254 aut
602 3221 878 3263 confluentibus,
914 3233 961 3254 ex
988 3221 1116 3265 angulo
1145 3220 1313 3253 inferiore
1340 3219 1516 3252 exteriore
1542 3219 1771 3252 scutellorum
1796 3219 1900 3261 ortis,
1935 3221 2084 3264 pictum,
2119 3223 2234 3255 antioc
2260 3223 2341 3255 sub-

141 3287 291 3320 incisum
317 3292 388 3330 est,
417 3299 497 3322 cum
523 3289 558 3321 in
585 3288 728 3332 reliquis
755 3287 912 3331 picturae
939 3288 1021 3320 illae
1050 3288 1107 3320 vel
1133 3288 1236 3331 planc
1263 3287 1378 3320 desint
1401 3286 1459 3318 vel
1483 3289 1618 3319 tantum
1641 3286 1802 3330 vestigiis
1820 3287 2087 3322 obsoletissimis
2113 3300 2152 3321 se
2178 3289 2340 3332 prodant,

140 3365 264 3398 margo
293 3355 428 3388 anticus
456 3360 574 3388 autem
601 3355 737 3399 integer
764 3358 797 3387 et
824 3358 1005 3387 truncatus
1032 3355 1091 3387 vel
1117 3355 1518 3387 rotundato-truncatus
1546 3353 1601 3386 sit.
1630 3353 1709 3386 Hoc
1736 3353 1957 3387 individuum
1983 3355 2241 3398 quodammodo
2267 3367 2339 3389 me-

140 3421 236 3454 dium
264 3425 357 3454 tenet
385 3422 475 3455 inter
502 3422 771 3455 Scau-mcum
800 3420 1009 3464 Emydem
1037 3432 1308 3466 europaeam
1335 3424 1369 3453 et
1396 3418 1479 3452 Em.
1506 3420 1740 3459 lutariam,
1768 3430 1916 3464 quarum
1944 3420 2049 3462 haec,
2077 3425 2196 3455 sterno
2224 3423 2339 3456 antice

140 3488 278 3522 sinuato
305 3488 440 3533 postice
474 3493 654 3530 truncato,
689 3490 733 3522 ab
769 3488 829 3521 illa
863 3487 1098 3531 distinguitur.
1151 3488 1193 3521 In
1220 3487 1382 3521 omnibus
1408 3487 1536 3520 nostris
1563 3486 1813 3531 speciminibus
1839 3490 1995 3520 sternum
2021 3488 2155 3531 postice
2182 3489 2337 3531 bifidum,
