2632 3890
1092 151 1142 185 ΙΙ.
1185 150 1362 186 ΒΑΝΑ.
2276 156 2339 199 33

378 263 428 298 Π.
479 261 659 297 Larvae
693 259 936 293 caudatae:
990 259 1022 293 1.
1059 258 1151 293 Cum
1177 260 1234 304 fig.
1263 260 1286 294 9
1328 261 1470 294 tabulae
1492 259 1665 294 XXVIII
1701 260 1877 295 Romi-:Lu
1913 275 2132 308 congruens,
2186 265 2345 309 exceptis

430 329 580 374 pedibus
605 327 752 372 posticis
779 326 885 370 paulo
913 327 1129 369 minoribus,
1170 328 1366 370 majoribus
1393 332 1510 361 tamen
1539 339 1643 372 quam
1669 328 1706 360 in
1732 328 1846 372 figura
1869 329 1902 363 8.
1931 350 1979 354 —
2026 330 2060 365 2.
2095 330 2234 365 Exacte
2259 331 2347 376 figu-

431 408 493 430 rae
511 395 553 437 9,
586 395 661 438 jam
687 394 874 435 laudatae,
902 395 1122 438 respondens
1149 413 1197 418 —
1233 393 1266 427 3.
1293 394 1352 428 Ab
1380 396 1611 428 antecedente
1638 406 1681 428 eo
1709 398 1844 428 tantum
1870 396 2003 439 differt,
2037 399 2131 441 quod
2159 398 2264 432 etiam
2290 410 2350 443 pe-

434 464 517 496 dum
552 462 749 495 anticorum
783 461 925 494 sinister
952 461 1173 502 declaratus,
1215 461 1326 504 pedes
1359 462 1484 504 postici
1511 466 1629 495 autem
1655 462 1810 505 majores
1845 465 1879 495 et
1913 464 2106 498 crassiores
2133 465 2213 499 sint.
2267 464 2353 509 (No-

436 530 583 563 tandum
611 532 682 571 est,
716 528 808 561 inter
833 539 998 571 magnam
1024 527 1223 561 Bufonis
1256 528 1507 562 variabilis
1542 530 1723 563 larvarum
1750 529 1908 573 copiam,
1950 540 2055 573 quam
2082 543 2201 565 coram
2227 533 2355 576 habeo,

436 598 557 642 plures
593 596 803 640 tripodes
840 606 939 636 esse,
983 594 1110 639 quibus
1148 594 1311 629 omnibus
1346 595 1456 638 pedes
1491 596 1616 638 postici
1651 600 1686 630 et
1720 596 1977 630 anticorum
2010 597 2204 632 sinister
2241 601 2356 634 decla-

437 665 506 698 rati
533 667 625 697 sunt.
680 662 893 704 Quaeritur,
935 673 1019 694 num
1046 661 1135 695 haec
1169 662 1270 705 pedis
1298 661 1405 695 antici
1441 661 1625 695 sinistri
1660 664 1850 707 explicatio
1884 663 1982 708 prior
2007 675 2112 708 quam
2139 665 2255 699 dextri
2279 668 2361 712 lege

439 735 590 765 naturae
625 733 809 764 constante
842 729 995 771 nitatur,
1041 740 1125 762 num
1160 729 1309 762 fortuita
1345 727 1425 771 5112)
1463 749 1511 753 -
1560 727 1594 762 4.
1633 729 1861 775 Quadrupes.
1922 730 1992 766 Uni
2031 732 2214 775 specimini
2248 735 2363 768 cauda

443 809 592 843 corpore
619 797 778 842 longior,
814 796 916 830 alteri
942 799 1080 829 tantum
1114 796 1274 840 corporis
1306 795 1436 841 reliqui
1469 795 1691 840 longitudine
1718 800 1789 839 est,
1824 797 2008 843 magisque
2035 802 2216 833 contracta
2243 804 2278 834 et
2304 812 2364 835 an-

444 865 583 910 gustior
608 875 714 908 quam
748 863 783 896 in
817 863 1119 897 antecedentibus.

293 932 433 966 Sustuli
465 932 557 965 hanc
593 931 749 975 speciem
784 941 803 962 e
838 940 1011 974 genere
1045 929 1290 971 Bufonum,
1343 941 1491 974 eamque
1525 928 1638 963 Ranis
1676 930 1899 971 consociavi,
1942 930 1997 965 his
2034 934 2223 978 praecipue
2259 935 2366 970 nixus

145 1001 360 1036 rationibus:
416 1000 448 1033 1.
485 997 717 1032 Parotidibus
744 1000 851 1030 caret.
904 996 939 1030 2.
975 995 1108 1029 Soleae
1143 997 1302 1040 posticae
1330 997 1420 1030 callo
1455 1008 1585 1030 corneo
1614 997 1885 1040 protuberante,
1929 999 1973 1031 ad
2007 1000 2162 1033 radicem
2190 1002 2290 1046 digiti
2316 1003 2367 1036 111-

146 1068 305 1109 terioris,
347 1067 540 1100 instructae
567 1068 666 1107 sunt3
702 1064 808 1098 radix
835 1063 936 1107 digiti
964 1063 1151 1097 exterioris
1179 1064 1269 1097 callo
1301 1068 1410 1097 caret.
1463 1064 1564 1097 111100
1592 1064 1776 1108 dispositio
1805 1068 1923 1097 autem
1951 1066 2112 1100 omnibus
2138 1069 2234 1102 ranis
2261 1071 2368 1114 veris,

146 1139 318 1182 quotquot
345 1145 468 1168 earum
493 1133 669 1177 inspicere
698 1143 756 1165 me
782 1131 901 1172 licuit,
936 1131 1132 1164 communis
1168 1135 1239 1173 est,
1285 1131 1468 1164 rarissime
1505 1131 1611 1164 01111111
1648 1131 1848 1164 rudimento
1876 1132 2172 1177 subinconspicuo
2199 1137 2281 1169 calli
2313 1149 2369 1171 ra-

147 1204 234 1238 dicis
262 1202 363 1247 digiti
390 1201 578 1235 exterioris
605 1199 798 1233 declarato.
859 1196 994 1231 Contra
1027 1209 1135 1240 vero,
1178 1198 1340 1232 omnibus
1379 1198 1541 1242 genuinis
1568 1198 1770 1232 Bufonibus
1806 1199 1850 1232 ad
1878 1199 2060 1244 utriusque
2087 1201 2187 1245 digiti
2212 1204 2370 1238 radicem

147 1272 259 1306 callus
287 1271 414 1304 adstat.
466 1268 510 1302 In
536 1267 642 1302 Rana
667 1267 771 1300 fusca
798 1268 934 1307 autem,
978 1269 1013 1299 et
1048 1266 1186 1299 duabus
1221 1266 1468 1310 sequentibus,
1513 1266 1624 1299 callus
1659 1266 1726 1299 1510
1761 1266 1942 1300 solitarius
1968 1267 2083 1310 major
2110 1273 2163 1302 est
2190 1273 2224 1303 ct
2251 1271 2371 1305 durior

147 1350 254 1384 quam
280 1338 315 1371 in
342 1336 486 1381 reliquis
513 1335 762 1379 cospeciebus,
796 1334 873 1367 fere
900 1333 1012 1366 instar
1038 1333 1168 1377 unguis
1196 1332 1297 1377 digiti
1323 1333 1474 1366 hominis
1501 1334 1695 1375 formatus,
1736 1333 1856 1366 colore
1883 1336 2208 1370 saturate-croceo.
2245 1336 2278 1371 3.
2302 1336 2371 1371 Pe-

149 1408 212 1440 des
239 1405 366 1450 postici
392 1404 574 1448 longiores
600 1405 682 1435 sunt
707 1412 813 1446 quam
847 1401 882 1433 in
916 1400 1011 1434 veris
1037 1400 1260 1442 Bufonibus,
1304 1400 1497 1442 saltatorii,
1533 1400 1616 1433 licet
1649 1400 1756 1444 paulo
1792 1401 1977 1434 breviores
2011 1412 2116 1446 quam
2151 1403 2186 1435 in
2213 1404 2372 1447 plurimis

149 1473 282 1515 Rauis,
322 1472 417 1516 quod
451 1471 557 1504 etiam
591 1470 637 1503 ad
670 1468 842 1502 Ranam
875 1468 1191 1511 vespertinam
1225 1468 1394 1512 quadrat,
1442 1468 1478 1501 in
1513 1468 1615 1510 cujus
1651 1467 1838 1512 diagnosin
1872 1467 2041 1502 MERREM
2086 1474 2183 1503 artus
2218 1472 2373 1514 110511005

151 1543 280 1575 breves
307 1538 473 1582 suscepit.
525 1537 561 1571 4.
605 1536 765 1571 Dorsum
791 1536 907 1569 minus
934 1545 1168 1568 vcrrucosum
1195 1539 1250 1568 est
1283 1546 1389 1580 quam
1415 1536 1451 1569 in
1477 1535 1623 1580 reliquis
1649 1534 1872 1578 Bufonibus3
1912 1536 2070 1580 reliquae
2105 1541 2224 1571 autem
2250 1550 2374 1583 corpo-

150 1608 200 1643 ris
227 1611 345 1651 partes
372 1605 576 1639 levissimae
602 1607 694 1638 sunt.
748 1601 782 1637 5.
815 1602 957 1636 Nullius
983 1603 1137 1636 Bufonis
1165 1603 1309 1645 larvae,
1346 1603 1441 1648 quod
1475 1602 1568 1643 scio,
1611 1602 1647 1635 in
1671 1602 1952 1647 magnitudinem
1978 1614 2089 1648 aeque
2115 1604 2290 1649 insignem
2316 1607 2376 1640 ad-

153 1676 334 1716 crescunt,
371 1684 414 1707 ac
439 1673 564 1706 larvae
591 1670 717 1706 Ranae
742 1671 886 1714 fuscae3
927 1670 1020 1704 inter
1046 1669 1169 1705 Ranas
1197 1674 1317 1705 autem
1350 1670 1606 1716 paradoxa,
1642 1669 1710 1704 hac
1745 1670 1903 1713 ratione,
1943 1671 2082 1706 fuscam
2109 1673 2324 1718 aequiparat.

778 1948 823 1991 2.
902 1949 953 1989 R.
1021 1944 1643 1989 VARIEGATA.
1706 1959 1751 1989 Ν.

161 2079 364 2127 Tympano
389 2074 637 2112 subdistineto
647 2087 661 2116 ;
690 2074 840 2122 plantis·
874 2071 1144 2120 snbpalmalis,
1187 2072 1289 2106 callo
1315 2071 1621 2112 senzz·eirc·1dari;
1654 2071 1768 2106 dorso
1794 2069 2096 2119 subgrmmlalo,
2132 2074 2379 2121 ruso-mamb

720 2142 818 2184 lato,
856 2138 1020 2188 pedibus·
1051 2137 1353 2186 rzffo-ficsc¹1'ttll'.3
1388 2138 1501 2182 (Tab.
1518 2138 1632 2181 VIII,
1666 2138 1744 2184 Fig.
1768 2138 1819 2181 Ι).

313 2279 579 2325 Longitudo
615 2277 774 2322 corporis
805 2276 871 2318 13,
914 2276 1044 2319 pedum
1078 2274 1296 2318 posticorum
1323 2273 1372 2315 2}
1406 2273 1585 2317 pollicum.
1649 2271 1795 2317 Caput
1829 2274 2058 2316 subacutum,
2094 2276 2183 2309 sicut
2217 2276 2252 2309 in
2279 2276 2383 2312 Rana

163 2349 389 2394 temporaria.
441 2346 637 2382 Dorsum
670 2344 831 2379 verrucis
867 2343 1032 2377 obsitum.
1090 2341 1283 2377 Femora
1316 2341 1461 2382 subtus,
1498 2351 1604 2373 anum
1638 2351 1784 2382 versus,
1827 2341 1968 2384 papillis
2006 2343 2172 2377 confertis
2200 2346 2382 2380 scatentia,

164 2416 349 2451 Palmae
376 2416 493 2449 fissae.
533 2412 728 2447 Plantae
756 2411 875 2455 digitis
903 2410 1111 2444 membrana
1136 2408 1187 2441 ita
1213 2408 1430 2451 conjunctis,
1458 2412 1496 2440 ut
1524 2412 1595 2441 tres
1622 2407 1734 2440 ultimi
1762 2407 1900 2441 articuli
1927 2409 1962 2441 in
1989 2409 2098 2453 digito
2126 2412 2281 2444 secundo
2309 2413 2383 2445 lon-

166 2485 311 2530 gissimo
338 2482 442 2517 liberi
477 2481 557 2515 sint.
618 2479 794 2523 Corpus
828 2478 935 2511 valde
969 2477 1164 2518 tumidum,
1207 2476 1283 2508 sine
1320 2475 1427 2508 dubio
1463 2478 1586 2508 contra
1622 2479 1785 2507 naturam
1819 2475 1995 2517 inflatum,
2045 2477 2176 2521 absque
2214 2479 2313 2522 plicis
2351 2485 2381 2513 et

165 2552 327 2585 verrucis
365 2551 502 2591 (forsan
536 2550 625 2583 cutis
664 2546 873 2581 extensione
915 2545 1073 2577 violenta
1108 2543 1332 2587 deplanatis).
1406 2541 1558 2575 Maxilla
1591 2542 1740 2575 inferior
1773 2543 1933 2587 margine
1970 2543 2085 2577 antico
2130 2546 2383 2580 tuberculis

167 2619 319 2652 tribus
347 2614 722 2653 dcntiformibus,
770 2612 861 2645 sicut
895 2612 929 2644 in
964 2611 1110 2654 reliquis
1139 2609 1382 2653 cospeciebus.
1436 2608 1574 2642 Solea
1610 2609 1871 2652 plantarum
1907 2610 1953 2643 ad
1989 2611 2143 2643 radicem
2172 2612 2270 2655 digiti
2297 2613 2383 2646 inte-

167 2685 272 2720 rioris
307 2684 428 2718 callo
462 2692 642 2726 magno,
677 2679 950 2720 semicirculari,
989 2688 1214 2721 compresSO,
1252 2687 1402 2718 cornc0,
1436 2676 1512 2709 fere
1548 2676 1653 2719 paulo
1681 2676 1817 2718 majore
1850 2688 1955 2721 quam
1981 2677 2016 2710 in
2043 2676 2146 2710 Rana
2171 2680 2292 2721 fusea3
2335 2680 2384 2713 in-

170 2763 278 2796 super
304 2751 411 2784 etiam
438 2750 520 2783 calli
535 2747 638 2792 parvi
663 2747 864 2780 rudimento
892 2746 937 2779 ad
964 2745 1066 2778 basin
1093 2744 1194 2788 digiti
1221 2743 1409 2776 exterioris
1435 2762 1482 2766 —
1511 2741 1662 2784 Color,
1697 2743 1748 2776 uti
1775 2744 1915 2777 videtur
1942 2744 2128 2785 alteratus,
2160 2746 2385 2780 sordide-al-

168 2820 273 2854 bidus
301 2822 372 2859 est,
414 2816 468 2850 his
495 2815 659 2860 picturis:
716 2813 833 2858 Caput
867 2824 993 2856 supra,
1038 2812 1209 2856 imprimis
1243 2811 1337 2844 infra
1371 2810 1494 2843 oculos
1529 2814 1563 2842 et
1596 2821 1720 2851 nares,
1765 2811 1809 2843 ad
1843 2811 2037 2854 marginem
2074 2814 2184 2844 totum
2218 2814 2386 2847 maxillae

169 2886 382 2932 superioris,
410 2884 846 2923 51111000-111111-11100111111115
882 2892 903 2913 11
928 2879 1046 2913 1110(110
1074 2878 1244 2922 marginis
1272 2878 1521 2920 palpebrarum
1547 2877 1662 2910 fascia
1689 2877 1839 2918 silaeea,
1876 2878 2019 2910 dorsum
2047 2889 2172 2911 versus
2199 2880 2305 2922 paulo
2333 2893 2386 2914 ar-

170 2958 295 2995 cuata,
337 2952 490 2996 spatium
516 2950 608 2983 inter
634 2949 757 2982 oculos
792 2947 1009 2982 transcurrit.
1070 2945 1204 2979 Latera
1239 2944 1398 2987 corporis
1436 2943 1570 2976 silacea
1604 2944 1694 2977 albis
1729 2955 1919 2987 conspersa
1954 2945 2091 2987 punctis
2134 2950 2238 2989 (quae
2264 2948 2387 2981 forsan

171 3020 315 3055 animali
348 3020 432 3053 vivo
467 3017 617 3063 granula
654 3020 779 3057 erant).
840 3014 999 3049 Dorsum
1039 3012 1199 3046 verrucis
1235 3010 1432 3054 deplanatis
1465 3010 1601 3043 croceis
1642 3014 1762 3043 centro
1797 3010 1878 3043 albo
1914 3014 2077 3044 ornatum
2112 3016 2175 3046 est.
2234 3013 2389 3048 Brachia

170 3088 311 3122 macula
336 3098 425 3129 una,
462 3086 568 3119 ulnae
595 3083 743 3117 maculis
771 3083 927 3123 duabus,
966 3082 1106 3115 femora
1132 3079 1240 3113 tibiae
1268 3077 1424 3122 tarsique
1458 3076 1569 3109 tribus
1597 3076 1738 3110 silaceis
1765 3077 1951 3121 variegata
1977 3081 2078 3121 sunt,
2112 3081 2262 3113 maculis
2289 3082 2388 3115 tibia-

171 3166 249 3188 rum
274 3153 583 3188 transversalibus.

321 3220 469 3255 Collatis
498 3218 728 3264 diagnosibus
755 3216 849 3259 apud
875 3214 1134 3256 MERREMiUM,
1178 3214 1223 3246 ad
1250 3213 1341 3246 hanc
1367 3214 1525 3244 nostram
1552 3210 1707 3253 speciem
1734 3211 1895 3245 adhiberi
1923 3216 2084 3255 possent:
2142 3213 2173 3246 1.
2216 3213 2257 3246 R.
2294 3225 2387 3248 ves-

173 3288 374 3334 pertina,
420 3299 511 3332 quae
549 3291 688 3326 autem,
734 3284 828 3328 quod
851 3283 926 3325 jam
960 3283 1005 3315 ad
1032 3281 1173 3314 Ranam
1199 3281 1339 3314 fuscam
1367 3282 1400 3311 et
1434 3277 1689 3311 subsaltantem
1716 3278 1855 3320 monui,
1892 3279 1995 3311 nimis
2031 3279 2186 3312 breviter
2213 3280 2389 3325 descripta

174 3360 244 3397 est,
282 3355 467 3399 quominus
495 3353 741 3387 certitudinem
775 3351 818 3383 de
854 3361 897 3382 ea
923 3349 1180 3381 nanciscamur.
1233 3346 1277 3380 R.
1314 3347 1444 3379 fusca
1481 3348 1515 3376 et
1551 3345 1833 3386 subsaltans,
1877 3346 1922 3379 ad
1949 3356 2036 3389 quas
2064 3346 2301 3388 vespertinam
2328 3350 2387 3383 ad-

174 3422 292 3464 hibui,
328 3422 446 3466 digitis
482 3421 627 3465 posticis
653 3419 768 3463 magis
796 3416 958 3461 palmatis
986 3427 1008 3447 a
1034 3419 1156 3448 nostra
1181 3414 1367 3457 variegata
1394 3411 1479 3444 satis
1507 3411 1682 3444 differunt.
1735 3411 1769 3445 2.
1807 3410 1850 3445 R.
1880 3412 2133 3453 clamitans,
2180 3413 2236 3446 cui
2263 3426 2387 3448 secun-

175 3490 259 3523 dum
286 3488 512 3523 DAUDIMUM
538 3488 685 3521 maxilla
711 3484 873 3530 superior
900 3481 1023 3515 viridis
1056 3485 1120 3515 est.
1189 3479 1378 3520 Picturae,
1425 3478 1552 3523 quibus
1589 3483 1731 3512 nostrae
1764 3478 1896 3521 speciei
1933 3482 2038 3521 caput
2073 3479 2294 3523 variegatam
2322 3486 2385 3523 est,

243 3555 478 3580 GRAVENHORST
516 3551 662 3585 Reptilia.
1762 3545 1785 3577 9
