2534 3890
929 723 1411 779 GEN'US
1518 722 1706 777 vlu,

705 908 763 973 P
855 908 886 973 l
977 908 1035 974 P
1120 906 1177 974 A
1342 927 1590 970 LAUR.
1667 927 1929 969 MERR.

958 1273 997 1314 1.
1058 1273 1108 1313 Ρ.
1159 1271 1682 1315 DORSIGERA.

885 1398 1025 1433 palmis
1058 1395 1232 1445 apicibus
1258 1396 1468 1444 figitoram
1503 1395 1746 1444 qnmlrisitli.s·.

817 1531 941 1566 Rana
966 1531 1077 1576 Pipa
1110 1531 1218 1565 LINN.

817 1599 942 1633 Rana
969 1599 1210 1643 (lorsigera
1244 1599 1359 1632 Sena.

816 1667 934 1700 Bufo
961 1667 1173 1711 dorsiger
1211 1666 1329 1699 [ΛΤΚ.
1358 1665 1482 1700 ΒΑΜ).

816 1732 927 1778 Pipa
953 1734 1213 1767 americana
1254 1733 1376 1767 LAUR.

815 1799 927 1846 Pipa
954 1801 1080 1835 Tedo
1118 1799 1245 1834 Mfflm.

815 1867 929 1912 Pipa
962 1868 1203 1912 dorsigera
1238 1867 1343 1901 FITZ.

362 1996 417 2060 ln
443 2037 568 2061 museo
594 2031 716 2061 nostro
751 2027 934 2063 individua
966 2028 1072 2072 hujus
1099 2027 1232 2072 speciei
1264 2027 1451 2068 nonnulla,
1499 2026 1695 2061 masculina
1728 2030 1764 2060 et
1788 2026 1977 2069 feminina,
2019 2026 2140 2061 adulta
2173 2030 2208 2061 et
2241 2026 2338 2074 pulla
2363 2038 2417 2061 as-

212 2097 410 2128 servantur.

836 2211 867 2247 I.
936 2210 1318 2246 FEMINAE
1388 2210 1791 2246 ADULTAE.

363 2303 396 2338 1.
457 2302 719 2348 Longitudo
754 2304 803 2345 4}
825 2305 1003 2348 pollicum.
1066 2304 1206 2349 Corpus
1244 2308 1279 2337 et
1312 2307 1409 2337 artus
1436 2315 1589 2347 superne
1616 2307 1651 2337 et
1687 2303 1845 2345 inferne,
1887 2304 2148 2338 verruculis
2181 2316 2245 2339 seu
2277 2305 2417 2349 papillis

210 2370 331 2414 parvis
358 2371 567 2404 acuminatis
594 2371 746 2414 sparsis,
784 2372 920 2415 asperi3
963 2372 1101 2405 inferne
1135 2375 1289 2404 attamen
1323 2371 1482 2404 verrucis
1515 2371 1630 2404 minus
1665 2371 1795 2411 acutis,
1841 2372 1999 2415 exceptis
2034 2372 2161 2416 quibus
2194 2373 2340 2406 maxilla
2367 2374 2416 2406 in-

208 2438 319 2471 ferior
345 2438 518 2471 instructa
544 2441 616 2479 est,
650 2437 777 2482 quippe
805 2449 895 2482 quae
921 2438 998 2471 fere
1025 2439 1243 2482 spinularum
1277 2449 1468 2481 parvarum
1494 2438 1649 2481 speciem
1675 2438 1856 2481 praebent.
1911 2436 2049 2471 Color
2074 2451 2182 2483 supra
2207 2440 2416 2484 nigro-fus-

208 2516 289 2546 cus,
324 2505 417 2538 infra
442 2505 585 2537 sordide
613 2506 810 2546 eburneus,
846 2506 940 2539 linea
966 2505 1212 2549 longitudinali
1246 2505 1460 2549 nigricante,
1506 2515 1525 2537 c
1551 2505 1669 2538 medio
1702 2505 1817 2538 lineae
1852 2506 2101 2539 transversalis
2125 2506 2301 2551 jugularis
2328 2510 2417 2549 orta,

211 2575 465 2616 praetereaque
492 2572 630 2605 lineolis
657 2572 869 2616 quibusdam
895 2573 1193 2606 transversalibus
1221 2573 1371 2605 ramosis
1407 2572 1674 2616 nigricantibus.
1736 2571 1948 2606 Cellulae
1982 2573 2192 2607 dorsales
2225 2574 2330 2619 pullis
2358 2586 2416 2608 oc-

208 2642 358 2682 cupatae
385 2641 485 2680 sunt,
513 2639 558 2672 (le
584 2639 710 2683 quibus
737 2640 831 2673 infra
858 2661 905 2664 —
946 2639 1070 2674 SEBAE
1099 2639 1277 2673 Thesaur.
1296 2640 1313 2672 l
1342 2640 1411 2673 tab.
1428 2640 1488 2673 77.
1522 2639 1580 2683 fig.
1597 2638 1630 2673 3.

359 2738 394 2774 2.
446 2738 707 2784 Longitudo
733 2739 758 2773 li·
779 2740 956 2784 pollicum.
1009 2740 1172 2784 Superne
1201 2744 1233 2774 et
1262 2741 1398 2773 inferne
1425 2740 1688 2774 verruculis
1723 2751 1868 2784 aspera,
1910 2741 2017 2784 paulo
2050 2741 2244 2785 majoribus
2277 2743 2415 2777 confer-

208 2806 429 2850 tioribusquc
457 2818 562 2851 quam
589 2806 623 2839 in
651 2808 841 2850 specimine
868 2807 1000 2851 primo,
1037 2807 1132 2840 haud
1160 2819 1246 2840 vero
1274 2808 1502 2849 acuminatis,
1539 2808 1697 2852 exceptis
1724 2808 1935 2852 quibusdam
1962 2808 1997 2841 in
2023 2812 2123 2852 parte
2150 2809 2266 2843 infera
2290 2810 2415 2844 maxil-

209 2874 264 2905 lae
291 2873 488 2915 inferioris,
522 2885 614 2919 quae
641 2878 795 2907 attamen
821 2874 1004 2907 breviores
1031 2878 1112 2908 sunt
1139 2885 1244 2919 quam
1271 2874 1306 2907 in
1332 2875 1573 2908 antecedente.
1627 2874 1771 2918 Caput
1799 2875 1978 2919 aliquanto
2007 2876 2191 2920 angustius
2218 2881 2252 2910 et
2279 2878 2415 2912 acutius

209 2951 314 2983 quam
340 2941 377 2973 in
403 2941 475 2974 illo.
528 2939 665 2974 Color
691 2952 798 2985 supra
824 2942 967 2975 sordide
994 2942 1344 2983 albido-brunneus,
1373 2941 1570 2975 verruculis
1597 2942 1706 2984 albis3
1740 2942 1831 2975 infra
1857 2942 1952 2976 linea
1977 2943 2226 2987 longitudinali
2251 2943 2413 2988 etjug‘u-

210 3006 277 3038 lari
303 3007 392 3040 sicut
420 3008 454 3040 in
480 3009 613 3042 femina
640 3009 771 3052 prima,
806 3009 1023 3053 maculisque
1050 3009 1261 3054 quibusdam
1293 3008 1404 3054 nigris
1438 3008 1572 3053 sparsis
1607 3009 1901 3044 abdominalibus.
1962 3008 2169 3044 cellulas
2203 3011 2413 3045 dorsales

213 3077 387 3116 occupant
414 3075 520 3118 pulli,
553 3076 597 3109 de
625 3075 751 3120 quibus
780 3076 884 3109 infra.

361 3172 396 3206 3.
448 3173 712 3218 Longitudo
747 3175 796 3216 4÷
822 3176 1000 3220 pollicum.
1063 3176 1226 3220 Superne
1260 3176 1518 3210 verruculis
1552 3176 1673 3219 parvis
1708 3176 1917 3210 acuminatis
1952 3177 2042 3210 sicut
2068 3176 2104 3209 in
2129 3176 2263 3210 femina
2288 3178 2410 3222 prima.

210 3239 358 3273 Inferne
383 3240 558 3274 subtiliter
585 3245 619 3274 et
644 3243 905 3276 confertissime
932 3244 1144 3288 granulosa,
1178 3243 1374 3276 verruculis
1402 3243 1610 3277 acuminatis
1636 3244 1823 3287 perpaucis
1850 3243 2093 3287 intel-sparsis,
2131 3244 2280 3288 aliisque
2305 3246 2411 3289 paulo

211 3307 428 3341 acutioribus
462 3307 496 3340 in
530 3307 669 3341 inferna
702 3310 869 3342 maxillae
903 3310 1082 3345 inferioris
1116 3314 1226 3354 parte.
1297 3308 1434 3343 Color
1466 3310 1584 3354 niger,
1633 3311 1727 3344 infra
1758 3312 1892 3344 fuscus.
1953 3308 2163 3343 cellulae
2197 3312 2410 3346 dorsales

211 3374 354 3407 clausae
382 3375 513 3419 absque
539 3374 644 3419 pullis
671 3395 718 3399 —
752 3374 826 3408 Sed
853 3375 886 3409 in
916 3378 1040 3411 eodem
1066 3388 1153 3411 vase
1180 3377 1298 3420 plures
1324 3377 1411 3420 pulli
1436 3377 1545 3410 libere
1573 3378 1726 3411 contenti
1754 3381 1870 3418 erant,
1912 3376 2022 3420 nigri,
2059 3378 2198 3420 penitus
2230 3378 2309 3412 fere
2333 3391 2409 3412 cor-

211 3441 345 3484 rugati,
381 3442 560 3483 ecaudati,
595 3442 861 3486 quadrupedes,
896 3442 920 3476 4
943 3444 1055 3478 lineas
1083 3444 1197 3489 longi,
1238 3445 1328 3477 bene
1355 3444 1606 3478 convenientes
1633 3457 1710 3479 cum
1738 3445 1852 3488 figura
1872 3442 1914 3484 3,
1948 3445 2018 3478 tab.
2038 3444 2097 3478 36.
2132 3446 2218 3479 fasc.
2239 3445 2294 3479 IV
2329 3445 2408 3479 Ico-

214 3517 295 3539 num
322 3508 624 3543 BLUMENBACHH.
