2632 3890
1100 149 1149 185 Π.
1191 149 1366 184 RANA.
2275 145 2336 189 37

134 251 292 297 gulato
320 271 367 277 —
409 252 541 288 Forma
567 254 688 299 anguli
715 259 750 289 et
775 255 889 300 plicae
916 257 1030 300 dorsi,
1073 258 1199 292 saltem
1232 257 1267 291 in
1294 255 1487 292 individuis
1519 255 1671 298 nostris,
1717 267 1808 301 quae
1834 256 1870 290 in
1905 256 2031 302 spiritu
2056 254 2131 289 vini
2156 265 2342 289 asservan-

132 322 208 360 tur,
243 319 359 354 nullos
386 321 609 365 suppeditant
636 321 860 357 characteres
896 324 1118 359 distinctivos
1151 324 1278 359 harum
1305 324 1523 369 specierum,
1569 323 1741 356 ambabus
1779 324 1871 356 enim
1898 335 2009 368 aeque
2034 322 2222 357 mutabiles
2251 326 2342 356 sunt.

133 384 301 431 Quinque
327 388 576 431 speciminibus
602 387 728 423 Ranae
763 391 966 425 esculentae
1000 391 1112 425 nostri
1143 391 1258 424 musei
1284 391 1398 435 plicae
1425 394 1460 424 et
1493 390 1671 435 margines
1698 389 1813 423 minus
1841 390 2001 424 elevatae
2029 393 2129 432 sunt,
2164 393 2344 434 totumque

132 463 262 497 corpus
288 454 402 489 levius
430 457 483 487 est
509 465 613 499 quam
640 455 765 491 Ranae
791 458 1028 502 temporariae
1056 478 1103 483 ———
1144 456 1314 492 MERREM
1342 458 1531 501 diagnoses
1559 458 1742 495 ambarum
1769 456 1966 500 specierum
1992 456 2047 490 his
2073 457 2179 490 tradit
2204 456 2343 490 verbis:

134 518 166 553 1.
220 518 268 554 R.
313 521 588 565 esculenta,
633 525 849 559 verrucis
892 524 1144 568 majoribus
1189 524 1365 568 sparsis
1407 524 1450 556 in
1492 525 1630 558 dorso
1674 522 2000 564 verruculoso,
2050 524 2175 566 quibus
2217 523 2344 557 deinde

132 587 230 620 addit
256 587 436 621 dorsum
463 590 748 633 angulatum,
791 595 1067 625 transverse
1101 591 1306 636 gibbum,
1352 590 1572 624 abdomen
1606 595 1648 624 et
1679 591 1856 624 femora
1889 590 2049 623 subtus
2083 591 2341 633 granulosa,

133 657 268 697 caput
313 655 662 691 acutiusculum.
724 657 759 693 2.
802 656 851 692 R.
887 657 1212 704 temporaria,
1255 658 1391 691 dorso
1433 657 1654 700 angulato
1687 658 1786 691 fere
1821 657 2003 701 glabro,
2047 657 2235 689 artubus
2275 668 2343 700 po-

132 720 266 754 sticis
300 721 602 766 longissimis,
640 725 766 769 quibus
794 725 892 759 addit
918 726 1099 759 dorsum
1125 728 1395 758 transverse
1422 723 1621 768 gibbum,
1659 724 1876 757 abdomen
1903 723 2212 768 granulosum.
2254 723 2343 757 Inde

132 798 218 831 ergo
245 799 418 822 verrucae
444 790 599 833 majores
626 791 740 833 dorsi,
777 793 951 826 abdomen
977 792 1184 836 femoraque
1211 792 1335 825 subtus
1363 781 1576 835 granulosa,
1614 789 1836 824 characteres
1863 793 1982 824 essent
2006 789 2236 834 principales,
2273 788 2345 823 Ra-

130 864 213 888 nam
240 856 456 889 esculentam
490 868 511 889 a
537 856 641 890 Rana
676 859 890 901 temporaria
933 859 1183 904 distinguendi.
1259 856 1394 892 Omnes
1430 860 1574 890 nostrae
1609 854 1764 889 Ranae
1799 858 2079 899 esculentae,
2123 867 2195 890 non
2229 857 2345 891 solum

131 920 258 962 dorso,
303 922 367 955 sed
404 923 510 955 etiam
537 927 637 967 parte
673 935 828 968 superna
859 925 1037 958 femorum
1071 929 1106 958 et
1139 925 1322 967 tibiarum,
1366 923 1526 957 verrucis
1558 923 1753 966 majoribus
1786 923 2049 968 minoribusque
2082 924 2219 957 obsitae
2252 927 2344 958 sunt.

132 984 246 1030 Copia
267 987 395 1021 harum
420 1000 652 1023 verrucarum
679 994 834 1024 attamen
861 991 896 1024 in
924 992 1086 1025 omnibus
1113 991 1305 1025 individuis
1330 991 1458 1032 variat,
1485 1001 1557 1023 non
1583 990 1747 1034 equidem
1766 991 1959 1023 secundum
1986 994 2137 1024 aetatem
2161 994 2221 1024 aut
2246 1002 2343 1036 mag-

131 1053 327 1088 nitudinem
353 1066 488 1097 eorum,
515 1057 580 1090 sed
607 1057 683 1090 sine
702 1058 904 1091 discrimine
930 1070 1015 1092 num
1041 1059 1110 1092 sint
1136 1058 1275 1102 majora
1301 1069 1385 1091 num
1412 1058 1567 1099 minora,
1597 1068 1680 1090 nam
1705 1060 1908 1090 nostrorum
1933 1057 2197 1090 individuorum
2222 1069 2343 1100 unum,

131 1119 225 1154 inter
249 1121 387 1165 majora
424 1124 656 1166 censendum,
699 1125 776 1159 fere
812 1125 1033 1159 levissimum
1066 1129 1138 1168 est,
1182 1126 1266 1159 dum
1302 1126 1469 1166 alterum,
1516 1135 1536 1157 e
1569 1124 1783 1165 minoribus,
1826 1123 1923 1156 haud
1965 1124 2080 1157 minus
2113 1134 2345 1158 verrucosum

130 1187 286 1222 maximo
314 1193 377 1223 est.
430 1189 584 1224 Femora
611 1192 773 1226 omnibus
809 1193 934 1226 subtus
971 1193 1164 1237 granulosa
1190 1196 1290 1235 sunt;
1331 1192 1508 1225 abdomen
1545 1194 1682 1233 autem,
1725 1190 1819 1235 quod
1846 1191 1953 1223 etiam
1980 1190 2174 1223 secundum
2199 1190 2344 1224 DAUD1-

132 1263 248 1297 NJUM,
287 1259 359 1289 tam
392 1257 429 1290 in
462 1257 529 1291 hac
563 1258 681 1302 specie
714 1270 819 1303 quam
854 1260 890 1292 in
926 1258 970 1294 R.
997 1260 1233 1303 temporaria,
1272 1259 1498 1304 granulatum
1532 1269 1612 1292 esse
1646 1258 1812 1298 deberet,
1854 1257 1939 1290 solis
1975 1257 2223 1300 speciminibus
2257 1258 2343 1291 duo·

131 1321 198 1355 bus
224 1323 389 1358 maximis
417 1325 462 1358 ad
487 1325 635 1370 inguina
660 1327 970 1371 subgranulatum,
1006 1327 1149 1371 reliquis
1183 1330 1301 1360 autem
1328 1325 1548 1359 levissimum
1575 1328 1639 1358 est.
1692 1323 1812 1358 Pedes
1838 1324 1965 1368 postici
1991 1323 2147 1357 hemiolii
2182 1326 2344 1368 (corpore

132 1390 447 1435 sesquilongiores)
475 1396 566 1426 sunt.
620 1391 738 1437 Caput
765 1397 819 1427 est
844 1395 1055 1428 subacutum
1072 1414 1121 1418 —
1149 1392 1323 1427 Omnibus
1350 1393 1480 1426 nostris
1516 1391 1707 1425 individuis
1734 1390 1889 1424 Ranae
1924 1391 2231 1435 temporariae
2264 1392 2344 1425 dor—

132 1467 230 1498 sum,
265 1457 396 1500 latera,
432 1463 467 1492 et
491 1460 621 1503 pedum
647 1460 863 1504 posticorum
889 1472 972 1505 pars
999 1472 1174 1505 superna,
1216 1460 1378 1494 verrucis
1414 1459 1610 1502 majoribus
1643 1458 1907 1502 minoribusque
1934 1458 2050 1491 obsita
2075 1461 2175 1501 sunt3
2219 1457 2344 1492 harum

130 1534 362 1558 verrucarum
388 1525 543 1569 majores
570 1538 710 1571 semper
736 1531 891 1561 attamen
917 1528 1112 1571 majoribus
1138 1526 1265 1561 Ranae
1300 1527 1503 1560 esculentae
1539 1526 1782 1570 magnitudine
1818 1525 1957 1558 cedunt.
2016 1523 2239 1558 verruculae
2265 1536 2344 1569 par-

129 1600 199 1623 vae
226 1591 396 1625 lateribus
422 1593 532 1626 multo
560 1598 641 1627 sunt
666 1594 925 1639 frequentiores
953 1598 988 1628 et
1014 1595 1247 1629 confertiores
1275 1605 1380 1639 quam
1407 1594 1533 1635 dorso,
1568 1593 1663 1637 quod
1697 1592 1839 1637 quidem
1873 1603 1953 1625 cum
1979 1591 2214 1635 descriptione
2240 1591 2344 1625 Dau-

131 1666 307 1700 D1N1ANA,
343 1670 389 1692 ex
416 1670 486 1703 qua
512 1661 748 1704 temporariae
776 1662 865 1695 cutis
890 1662 969 1695 fere
994 1662 1085 1696 levis
1113 1665 1184 1704 est,
1227 1661 1420 1695 tuberculis
1453 1660 1631 1694 nonnullis
1658 1660 1778 1704 parvis
1805 1659 1841 1692 in
1868 1659 1996 1700 dorso,
2041 1657 2138 1692 haud
2164 1659 2344 1703 congruit3

132 1728 287 1758 attamen
313 1726 348 1759 in
374 1726 557 1761 individuo
585 1739 716 1772 parvo,
754 1728 798 1762 11
822 1728 935 1762 lineas
961 1729 1086 1773 longo,
1119 1729 1183 1762 vix
1208 1728 1363 1772 vestigia
1388 1738 1618 1761 verrucarum
1643 1726 1913 1771 perspiciuntur.
1967 1723 2209 1760 Granulorum
2234 1727 2344 1760 femo—

130 1803 210 1826 rum
234 1796 268 1826 et
282 1793 480 1827 abdominis
504 1795 629 1829 eadem
653 1799 706 1829 est
727 1795 817 1829 ratio
841 1807 883 1829 ac
906 1796 942 1828 in
957 1795 1000 1830 R.
1019 1796 1218 1838 esculenta3
1245 1795 1437 1828 individuis
1459 1794 1624 1828 maximis
1649 1797 1803 1827 attamen
1824 1793 1974 1838 granula
1996 1792 2180 1836 inguinum
2202 1793 2343 1827 distinc-

131 1860 224 1893 tiora
245 1864 326 1893 sunt
347 1871 453 1905 quam
474 1861 511 1895 in
529 1860 574 1895 R.
592 1862 784 1896 esculenta.
820 1862 988 1897 Truncus
1013 1867 1047 1896 et
1070 1863 1191 1907 pedes,
1219 1862 1439 1906 longitudine
1465 1861 1627 1902 relativa,
1654 1872 1733 1894 cum
1759 1860 1827 1893 ista
1849 1859 1967 1903 specie
1994 1864 2201 1903 congruunt.
2229 1858 2345 1904 Caput

130 1927 273 1971 quidem
297 1928 413 1962 minus
440 1932 582 1962 acutum
600 1933 653 1963 est
678 1941 783 1974 quam
800 1929 836 1963 in
854 1929 899 1964 R.
919 1930 1111 1971 esculenta,
1138 1930 1201 1963 sed
1218 1929 1417 1963 differentia
1437 1929 1500 1961 vix
1524 1928 1636 1961 oculis
1659 1927 1793 1971 percipi
1810 1938 1876 1960 nec
1900 1926 2019 1960 verbis
2044 1926 2193 1969 exprimi
2211 1931 2344 1970 potest3

131 1995 163 2028 si
186 1994 260 2036 vis,
288 1998 394 2039 caput
420 1996 621 2030 esculentae
648 2000 801 2039 acutum,
829 1997 1065 2041 temporariae
1091 1998 1320 2038 subacutum,
1349 1996 1406 2029 vel
1432 1995 1500 2029 hoc
1526 1995 1770 2036 subobtusum,
1798 1993 1885 2026 illud
1911 1994 2138 2035 subacutum,
2166 1994 2345 2038 adpellare

131 2073 268 2108 posses.
321 2063 420 2101 Quin
445 2063 532 2097 mihi
557 2067 639 2098 sunt
664 2063 875 2109 specimina,
912 2064 1050 2097 ratione
1084 2063 1191 2107 hujus
1224 2063 1349 2107 capitis
1375 2063 1512 2097 formae
1539 2061 1729 2102 relativae,
1768 2064 1894 2094 exacte
1920 2060 2145 2101 intermedia,
2181 2071 2272 2105 quae
2299 2072 2342 2094 eo

131 2132 246 2176 magis
273 2134 397 2165 notatu
423 2130 531 2175 digna
556 2134 656 2173 sunt,
699 2131 794 2176 quod
821 2131 927 2164 etiam
952 2131 1090 2164 ratione
1116 2141 1350 2164 verrucarum
1376 2129 1556 2173 ipsiusque
1590 2127 1720 2161 eoloris
1757 2131 1792 2160 et
1818 2127 1976 2170 picturae
2011 2129 2190 2170 (quantum
2217 2127 2261 2160 de
2288 2127 2343 2161 his

131 2199 169 2233 in
195 2198 444 2243 speciminibus
471 2198 507 2232 in
541 2198 669 2243 spiritu
694 2198 768 2232 vini
794 2198 987 2232 asservatis
1020 2198 1182 2242 judicare
1217 2198 1274 2231 fas
1301 2199 1376 2239 est)
1422 2196 1514 2229 inter
1549 2198 1735 2238 utramque
1771 2194 1925 2237 speciem
1958 2193 2113 2227 medium
2146 2197 2264 2227 tenent
2296 2215 2343 2220 —-

132 2265 282 2300 Collatis
309 2266 460 2310 denique
486 2264 613 2299 harum
639 2266 824 2299 ambarum
857 2265 1054 2309 specierum
1081 2264 1345 2298 characteribus
1379 2274 1401 2297 a
1426 2261 1633 2296 MERREMlo
1661 2261 1858 2305 suggestis,
1895 2271 1986 2304 quae
2025 2261 2171 2293 concedi
2197 2265 2345 2304 possunt

132 2333 190 2367 hic
216 2334 372 2367 tradam:
424 2332 457 2366 1.
485 2331 720 2367 verrucae
756 2331 989 2366 differentiam
1025 2332 1213 2373 exhibent,
1257 2331 1352 2375 quod
1378 2329 1503 2363 Ranae
1531 2329 1734 2362 esculentae
1762 2328 1868 2360 dorso
1896 2327 2049 2370 majores
2083 2332 2181 2368 sunt,
2228 2328 2343 2361 lateri-

133 2403 200 2435 bus
227 2412 390 2445 prorsum
415 2400 573 2441 levibus,
611 2399 848 2443 temporariae
875 2404 993 2433 autem
1021 2399 1126 2432 dorso
1153 2398 1309 2432 minores
1346 2409 1450 2441 quam
1478 2396 1699 2435 esculentae,
1734 2395 1904 2428 lateribus
1932 2394 2088 2427 verrucis
2115 2395 2234 2437 parvis
2265 2406 2343 2438 gra-

131 2468 272 2502 nulatis.
324 2467 358 2502 2.
395 2465 598 2502 Granula
625 2466 823 2500 abdominis
850 2470 884 2500 et
912 2467 1089 2500 femorum
1116 2466 1289 2499 ambabus
1316 2464 1503 2508 speciebus
1531 2463 1659 2496 similia
1685 2466 1785 2503 sunt3
1829 2462 1911 2506 quin
1947 2461 1982 2494 in
2009 2462 2240 2504 temporaria,
2285 2473 2343 2495 cu-

128 2535 188 2579 jus
215 2535 444 2580 granulorum
478 2534 753 2567 abdominalium
779 2532 946 2567 MERREM
975 2533 1116 2577 quidem
1149 2531 1363 2565 mentionem
1396 2531 1499 2571 facit,
1543 2541 1622 2563 cum
1657 2529 1699 2562 de
1728 2529 1887 2573 granulis
1921 2528 2152 2562 femoralibus
2189 2529 2265 2571 ejus
2292 2532 2341 2561 ta-

135 2606 231 2644 ceat,
277 2602 366 2635 haec
392 2601 478 2635 satis
515 2601 679 2634 distincta
705 2604 804 2642 sunt,
852 2601 910 2634 illa
947 2604 1064 2633 autem
1100 2600 1178 2632 fere
1216 2598 1387 2631 obsoleta.
1451 2596 1485 2630 3.
1522 2595 1782 2639 Longitudo
1817 2596 1968 2628 relativa
2002 2595 2115 2628 trunci
2153 2599 2186 2627 et
2212 2595 2341 2638 pedum

134 2670 272 2714 utrique
306 2668 439 2712 speciei
473 2668 630 2712 aequalis
666 2671 729 2701 est.
790 2665 960 2702 Granulis
1005 2677 1091 2710 ergo
1127 2668 1162 2698 ct
1194 2664 1414 2709 longitudine
1441 2663 1570 2707 pedum
1603 2663 1648 2696 ad
1683 2662 1950 2706 distinguendas
1984 2661 2048 2694 has
2083 2662 2171 2694 duas
2204 2661 2341 2705 species

132 2736 229 2770 haud
255 2735 307 2769 uti
331 2745 531 2779 possumus.
583 2733 617 2767 4.
654 2732 800 2778 Caput
836 2734 1038 2767 esculentae
1065 2732 1206 2777 quidem
1241 2731 1347 2776 paulo
1375 2730 1514 2764 acutius
1548 2733 1601 2763 est
1628 2740 1733 2774 quam
1760 2728 2012 2772 temporariae,
2056 2728 2118 2761 sed
2145 2727 2342 2761 differentia

132 2802 317 2849 persubtili
345 2802 476 2847 vixque
508 2801 739 2846 respicienda.

279 2937 499 2977 LAURENTl,
533 2935 770 2977 SCHNEmER,
797 2934 952 2970 DAUD1N
980 2939 1015 2969 et
1040 2934 1181 2979 plurimi
1207 2932 1332 2977 reliqui
1359 2935 1540 2971 auctores,
1576 2931 1800 2964 characteres
1828 2928 2025 2962 definitivos
2052 2927 2234 2973 utriusque
2261 2939 2339 2972 spe-

135 3005 203 3039 ciei
229 3016 249 3038 c
276 3005 396 3038 colore
423 3007 457 3036 et
482 3003 638 3047 pictura,
683 3003 825 3047 quidam
846 3003 996 3046 junctim
1023 3013 1102 3035 cum
1128 3002 1245 3035 forma
1272 2999 1417 3042 capitis,
1460 2998 1717 3031 desumserunt.
1777 2995 1922 3029 Macula
1949 2996 2121 3039 oblonga,
2164 2996 2207 3028 ab
2236 2995 2339 3028 oculo

134 3083 198 3116 per
223 3076 427 3115 tympanum
453 3071 575 3111 ducta,
617 3070 823 3114 fasciae-que
849 3069 1108 3103 transversales
1142 3067 1324 3107 tibiarum,
1372 3065 1647 3108 nigro-fuscae,
1686 3062 1826 3096 Ranam
1852 3062 2103 3105 temporariam
2130 3073 2268 3105 semper
2295 3063 2337 3094 ab

137 3139 317 3172 esculenta
343 3138 560 3182 distinguere
586 3137 761 3170 videntur.
820 3135 965 3170 Macula
999 3136 1067 3169 ista
1102 3133 1259 3168 lateralis
1293 3131 1416 3176 capitis
1451 3131 1652 3163 esculentae
1685 3130 1826 3162 omnino
1863 3129 1983 3170 deest3
2026 3128 2186 3161 maculae
2212 3129 2334 3161 fuscae

136 3205 301 3239 tibiarum
328 3209 445 3238 autem
478 3205 691 3249 irregulares
725 3207 824 3245 sunt,
861 3215 926 3237 nec
952 3202 1083 3236 fascias
1117 3201 1305 3240 exhibent,
1346 3199 1427 3232 licet
1460 3196 1614 3231 DAUDIN
1655 3197 1871 3230 esculentam
1905 3195 2024 3228 fasciis
2061 3195 2186 3239 pedum
2223 3198 2332 3226 trans-

135 3272 334 3306 versalibus
361 3272 596 3315 descripserit.
649 3271 739 3304 Sunt
766 3273 997 3303 veruntamen
1022 3268 1224 3309 individua,
1260 3277 1350 3311 quae
1384 3265 1437 3297 his
1469 3264 1562 3297 notis
1594 3263 1749 3297 medium
1783 3266 1901 3296 tenent
1935 3262 2024 3294 inter
2058 3261 2272 3294 esculentam
2300 3264 2332 3292 et

137 3338 402 3382 temporariam3
439 3339 633 3383 eademque
668 3338 866 3378 individua,
909 3337 1002 3380 quod
1036 3335 1180 3378 majoris
1215 3332 1382 3367 momenti
1409 3335 1478 3365 est,
1528 3331 1633 3363 etiam
1667 3331 1802 3363 ratione
1837 3330 1973 3362 formae
2000 3327 2122 3370 capitis
2151 3330 2184 3358 et
2210 3337 2330 3358 verru-

137 3417 258 3440 carum
285 3405 493 3438 intermedia
527 3409 626 3447 sunt,
661 3406 755 3449 quod
788 3415 895 3448 supra
919 3403 993 3446 jam
1027 3401 1195 3435 adnotavi
1221 3420 1267 3425 —
1312 3399 1385 3432 Sed
1419 3402 1640 3431 transeamus
1677 3397 1721 3430 ad
1748 3395 2017 3439 descriptionem
2052 3393 2158 3436 paulo
2186 3403 2329 3425 accura-

136 3473 263 3506 tiorem
288 3475 489 3505 nostrorum
515 3472 763 3516 speciminum:

205 3539 439 3563 Gaxvmmonsr
464 3536 609 3570 Repiilia.
1690 3529 1735 3563 10
