2534 3890
1082 247 1188 283 vm.
1231 247 1387 283 PIPA.
2271 254 2328 295 71

842 412 892 446 ΙΙ.
960 412 1233 448 MARES
1310 413 1640 450 ADULTI.

296 497 328 530 1.
382 494 640 540 Longitudo
672 494 721 538 *Β
747 496 922 539 pollicum.
976 496 1094 540 Supra
1128 497 1318 541 papillis
1352 499 1492 540 parvis,
1536 498 1673 532 ratione
1705 497 1956 542 magnitudinis
1990 505 2024 534 et
2050 502 2186 536 formae
2211 503 2337 537 mediis

145 561 236 595 inter
261 562 411 607 papillas
438 563 592 596 feminac
619 563 753 606 primae
781 567 816 597 et
842 564 1031 597 secundae.
1085 562 1157 597 Per
1183 564 1327 597 dorsum
1362 565 1551 598 decurrunt
1585 566 1734 599 lineae
1768 565 1880 598 duae
1914 566 2139 610 elevatae,
2179 580 2251 602 una
2277 581 2337 603 au-

145 633 215 663 tem
241 630 286 663 ad
318 633 507 674 utrumque
541 630 652 671 latus,
694 641 816 664 omnes
849 630 1042 675 parallelae
1076 633 1111 663 et
1147 631 1269 674 spatiis
1305 631 1511 675 aequalibus
1543 631 1634 666 inter
1667 643 1706 665 se
1742 632 1932 674 distantes;
1975 635 2163 668 accedente
2196 636 2340 680 insuper

144 696 238 730 linea
264 697 364 731 brevi
390 708 482 741 pone
508 701 698 742 utriunque
724 698 877 731 oculum.
931 697 1011 730 Hac
1035 697 1170 739 lineae,
1205 697 1338 731 crebris
1364 698 1428 731 sed
1454 698 1621 732 brevibus
1647 699 1843 732 intervallis
1869 703 2035 743 tanquam
2063 700 2200 742 incisis,
2234 703 2339 736 inter—

144 768 285 807 ceptae,
320 764 460 808 papillis
487 764 695 798 acuminatis
723 776 872 808 asperae
899 768 998 806 sunt,
1041 775 1188 809 quarum
1214 764 1345 808 prima,
1389 764 1492 797 oculo
1518 765 1699 808 proxima,
1734 766 1945 810 longissima
1972 769 2035 799 est.
2095 766 2197 800 Hanc
2230 770 2338 813 papil-

143 830 214 863 lam
240 831 437 876 longiorem
463 832 508 865 ad
535 832 685 865 orbitam
718 831 891 875 posticam
925 832 1107 865 oculorum
1141 831 1260 864 onmia
1293 831 1424 864 habent
1456 831 1656 873 individua,
1699 836 1770 865 tam
1803 833 1999 866 masculina
2030 844 2135 878 quam
2161 834 2338 869 feminina.

143 896 290 931 Inferne
315 909 443 942 corpus
470 898 644 932 subtiliter
671 900 705 931 et
731 898 918 931 confertim
945 898 1175 942 granulosum
1202 902 1266 932 est.
1319 897 1457 931 Color
1483 909 1592 942 supra
1619 899 1760 931 sordide
1786 899 2051 944 nigro-fuscus,
2079 901 2173 935 infra
2197 903 2340 935 sordide

143 964 338 1006 eburneus,
374 965 521 999 maculis
548 965 683 1009 aliquot
708 964 797 997 albis
825 965 1091 1008 irregularibus.

294 1056 328 1090 2.
381 1055 644 1100 Longitudo
676 1053 725 1099 4}
748 1056 926 1100 pollicum.
980 1055 1099 1100 Supra
1125 1055 1315 1100 papillis
1341 1058 1461 1100 parvis
1489 1055 1696 1090 acuminatis
1723 1055 1812 1090 sicut
1845 1057 1880 1090 in
1906 1057 2038 1091 femina
2064 1059 2196 1102 prima,
2237 1061 2339 1095 lineis

142 1121 457 1166 longitudinalibus
483 1123 574 1156 sicut
599 1123 636 1155 in
670 1134 768 1156 mare
803 1123 1054 1166 antecedente,
1090 1123 1183 1156 infra
1216 1123 1403 1156 confertim
1437 1126 1472 1156 et
1505 1124 1679 1156 subtiliter
1712 1124 1935 1167 granulosus.
1995 1123 2146 1159 Maxilla
2181 1127 2338 1169 inferior,

142 1192 222 1222 ante
248 1190 462 1234 marginem,
499 1190 591 1224 serie
619 1190 745 1234 triplici
771 1191 983 1234 papillarum
1009 1190 1386 1234 subspinaeformium,
1430 1190 1554 1233 quales
1577 1190 1652 1233 jam
1687 1190 1731 1223 ad
1763 1190 1931 1223 feminam
1964 1191 2110 1234 primam
2144 1193 2341 1238 descriptae

141 1260 239 1298 sunt,
273 1257 444 1291 instructa
470 1261 534 1291 est.
587 1256 731 1291 Talium
758 1257 970 1301 papillarum
999 1257 1175 1301 quaedam
1201 1257 1308 1289 etiam
1334 1256 1369 1289 in
1395 1256 1565 1290 lateribus
1592 1257 1750 1300 corporis
1778 1257 2048 1300 conspiciuntur.
2104 1258 2243 1294 Color
2268 1262 2340 1295 fus-

141 1334 222 1366 cus;
263 1324 355 1358 infra
381 1324 562 1369 aliquanto
590 1324 752 1367 dilutior,
787 1324 882 1357 linea
907 1324 1010 1368 nigra
1036 1323 1301 1368 longitudinali,
1338 1323 1557 1367 maculisque
1590 1323 1708 1357 multis
1743 1324 1918 1357 eburneis.

290 1415 324 1450 3.
383 1415 648 1461 Longitudo
683 1415 731 1456 3}
750 1416 927 1460 pollicum.
972 1415 1092 1460 Supra
1124 1427 1205 1449 cum
1237 1416 1472 1459 praecedente
1510 1415 1690 1459 congruit3
1738 1415 1831 1448 infra
1864 1416 2092 1450 subtilissime
2126 1420 2338 1462 granula-

141 1486 211 1516 tus
238 1486 309 1525 est,
343 1483 392 1516 ita
418 1488 455 1516 ut
481 1484 630 1528 granula
656 1487 792 1517 tantum
819 1483 922 1516 oculo
950 1486 1086 1516 armato
1113 1482 1249 1526 possint
1275 1482 1456 1526 dignosci,
1497 1482 1703 1515 rudimentis
1730 1483 1939 1526 quibusdam
1967 1484 2107 1527 exiguis
2133 1486 2341 1528 papillarum

141 1553 323 1584 acutarum
358 1551 392 1583 in
419 1551 587 1584 maxillae
614 1551 793 1584 inferioris
829 1554 928 1593 parte
962 1550 1112 1583 inferna.
1174 1548 1318 1593 Caput
1355 1550 1460 1593 paulo
1495 1549 1680 1593 angustius
1715 1554 1767 1582 est
1795 1560 1900 1593 quam
1933 1550 1968 1582 in
1995 1551 2139 1594 reliquis
2173 1552 2340 1595 maribus,

141 1628 253 1660 eoque
280 1617 337 1650 hic
363 1628 439 1651 mas
467 1629 546 1651 cum
573 1618 707 1651 femina
732 1618 888 1651 secunda
916 1617 1090 1661 congruit.
1145 1615 1283 1650 Color
1315 1617 1457 1659 fuscus3
1494 1616 1586 1649 infra
1620 1616 1714 1648 linea
1740 1616 1984 1659 longitudinali
2017 1617 2137 1661 nigra,
2179 1620 2340 1653 maculis-

139 1694 208 1727 que
235 1684 361 1717 albidis
380 1685 585 1728 variegatus
606 1705 652 1709 —
680 1685 818 1718 Forsan
845 1684 891 1717 ad
917 1684 1011 1717 hunc
1036 1694 1171 1717 marem
1197 1687 1231 1716 et
1258 1684 1303 1717 ad
1324 1684 1536 1725 secundum,
1564 1684 1704 1724 fuscos,
1732 1684 1855 1716 subtus
1883 1684 2202 1726 albo-maculatos,
2229 1684 2344 1730 Pipa

139 1749 376 1784 Curururu
403 1751 527 1785 Smxn
555 1752 627 1785 tab.
642 1750 759 1784 XXII
787 1750 948 1784 adhiberi
974 1754 1103 1794 posset.
1165 1749 1196 1784 E
1223 1750 1398 1784 sententia
1424 1750 1547 1783 Smxu
1582 1749 1767 1783 Curururu
1794 1750 1909 1783 differt
1942 1761 1964 1783 a
1988 1750 2132 1785 Bufone
2157 1752 2342 1797 dorsigero

138 1817 237 1851 fulvo
264 1817 448 1851 DAUli
475 1818 666 1862 praecipue
693 1818 800 1851 dorso
827 1828 893 1851 nec
919 1828 1112 1851 verrucoso
1139 1829 1205 1851 nec
1230 1818 1406 1861 pullifero.

287 1885 488 1918 LAGEPEDE
516 1885 646 1925 refert,
684 1888 817 1928 caput
842 1883 996 1918 feminae
1031 1884 1109 1918 basi
1135 1888 1298 1918 truncum
1324 1884 1508 1917 latitudine
1536 1894 1724 1927 superare,
1765 1894 1879 1927 eoque
1904 1883 2072 1917 feminam
2100 1897 2121 1918 a
2146 1895 2244 1919 mare
2271 1887 2340 1921 dis-

139 1952 269 1996 tingui,
310 1952 451 1986 fcmiuis
485 1952 592 1985 ctiam
621 1951 834 1996 appendices
872 1955 1022 1995 quatuor
1057 1951 1211 1995 apicales
1245 1951 1436 1994 digitorum
1470 1950 1666 1983 anticorum
1700 1951 1880 1994 longiores
1916 1961 1994 1984 esse
2028 1961 2133 1994 quam
2165 1953 2341 1996 maribus3

139 2031 207 2064 ego
234 2022 353 2054 autem
379 2030 502 2054 omnes
528 2018 594 2053 has
620 2018 812 2053 relationes
838 2017 873 2052 in
899 2022 1048 2063 utroque
1075 2029 1167 2053 sexu
1194 2017 1335 2051 omnino
1363 2018 1454 2051 inter
1480 2028 1519 2051 se
1545 2017 1797 2051 convenientes
1832 2021 1866 2050 et
1893 2017 2026 2052 similes
2051 2018 2240 2063 conspicio.

777 2159 850 2194 ΙΙΙ.
903 2158 1225 2194 LARVAE
1279 2158 1372 2193 ET
1430 2157 1696 2193 PULLI.

287 2247 319 2279 1.
372 2244 550 2278 Larvae
576 2244 765 2288 bipedes
799 2243 1023 2277 caudatae
1050 2263 1097 2268 —-
1140 2241 1301 2277 Cellulae
1335 2242 1494 2275 dorsales
1528 2241 1699 2285 plurimae
1735 2241 1888 2275 feminae
1922 2242 2099 2276 secundae
2133 2244 2341 2279 membrana

136 2313 218 2347 alba
241 2313 385 2346 clausae
411 2315 510 2354 sunt;
538 2323 557 2344 e
580 2311 759 2344 nonnullis
786 2315 903 2344 autem
929 2310 1071 2354 singula
1094 2310 1263 2351 membra,
1290 2309 1399 2352 pedes
1427 2308 1533 2341 antici
1561 2312 1595 2341 et
1617 2308 1753 2351 postici,
1782 2307 2018 2352 porriguntur.
2066 2309 2158 2343 Huic
2184 2311 2338 2345 feminae

135 2380 325 2424 respondet
351 2380 472 2412 tabula
488 2378 535 2412 36
562 2378 703 2411 iconum
728 2378 1034 2411 BLUMENBACHH.
1087 2376 1220 2410 Foetus
1246 2376 1384 2419 plures,
1423 2386 1511 2419 quos
1538 2386 1557 2407 e
1585 2374 1719 2408 cellulis
1746 2374 2012 2418 protrahebam,
2057 2376 2211 2419 speciem
2236 2388 2337 2422 prae-

135 2449 266 2481 bebant
290 2457 430 2480 massae
457 2445 645 2487 deformis,
683 2455 930 2488 compressae,
965 2444 1262 2488 subcorrugatae,
1296 2443 1508 2486 forsanque,
1549 2444 1735 2485 antequam
1761 2441 1796 2474 in
1822 2441 1982 2485 spiritum
2006 2442 2080 2475 vini
2105 2443 2337 2488 mitterentur,

129 2515 205 2558 jam
230 2513 360 2547 mortui
387 2516 422 2546 et
448 2512 591 2546 esiccati
618 2515 728 2545 erant.
781 2511 856 2545 Sub
884 2514 964 2545 cute
991 2521 1114 2544 eorum
1147 2521 1270 2543 omnes
1304 2513 1420 2549 artus,
1458 2520 1536 2542 cum
1564 2508 1683 2552 digitis
1717 2512 1752 2541 et
1786 2508 2039 2552 appendicibus
2065 2509 2259 2553 apicalibus
2286 2512 2336 2545 di-

134 2582 307 2626 gitorum,
343 2579 510 2624 explicati
537 2582 654 2620 crant,
694 2577 855 2622 plurimis
890 2581 1008 2610 autem
1041 2577 1150 2620 pedes
1185 2576 1311 2619 postici
1338 2576 1415 2618 jam
1448 2575 1559 2608 liberi.
1620 2573 1775 2608 Gauda
1811 2579 1946 2608 tantum
1979 2575 2015 2608 in
2048 2587 2118 2609 uno
2152 2577 2335 2612 individuo

134 2648 220 2682 mihi
245 2648 281 2680 in
308 2650 534 2690 conspectum
559 2645 742 2686 veniebat,
777 2644 913 2689 figurae
935 2643 954 2677 1
991 2644 1061 2676 tab.
1086 2642 1134 2676 36
1167 2641 1316 2675 1001111111
1342 2642 1635 2675 BLL‘MENBACHH
1662 2641 1915 2685 respondente3
1956 2643 2018 2676 sed
2045 2654 2124 2677 meo
2151 2643 2333 2679 individuo

134 2718 240 2761 caput
264 2713 389 2756 latius,
423 2714 532 2757 pedes
558 2711 685 2756 postici
711 2714 828 2744 autem
854 2710 1045 2755 perfectius
1072 2709 1214 2743 formati
1241 2712 1358 2749 erant,
1400 2719 1505 2752 quam
1541 2708 1574 2740 in
1607 2707 1721 2752 figura
1754 2707 1908 2742 laudata.

282 2807 317 2842 2.
369 2805 415 2839 In
447 2807 569 2838 nostro
603 2814 727 2837 museo
761 2802 945 2836 vasculum
979 2805 1056 2835 erat
1089 2800 1319 2842 collocatum,
1361 2800 1479 2833 verbis
1514 2798 1657 2844 Pipae
1692 2799 2029 2833 surinamensis
2063 2800 2194 2835 larva
2230 2813 2331 2836 cau-

134 2878 237 2910 data
263 2873 479 2917 inscriptum.
531 2870 694 2905 Examen
721 2870 919 2904 accuratius
946 2880 1002 2902 mc
1029 2869 1197 2910 docebat,
1232 2871 1386 2911 partem,
1430 2877 1535 2910 quam
1561 2866 1711 2909 scriptor
1736 2877 1800 2910 pro
1827 2866 1941 2899 cauda
1975 2865 2167 2909 habuerat,
2203 2869 2330 2912 pedem

133 2943 305 2988 posticum
332 2940 496 2974 dextrum
528 2938 678 2971 liberum
711 2948 809 2979 esse,
854 2936 996 2970 sinistro
1029 2946 1154 2978 nempe
1183 2938 1216 2967 et
1249 2934 1398 2977 pedibus
1433 2932 1557 2966 anticis
1591 2932 1707 2965 adhuc
1740 2933 1805 2965 sub
1833 2936 1912 2965 cute
1944 2931 2143 2967 latentibus.
2204 2933 2330 2969 Gauda

132 3012 271 3051 deerat,
306 3007 453 3051 ejusque.
479 3005 559 3038 loco
586 3003 808 3037 tuberculum
835 3003 1009 3036 exstabat.
1063 3001 1202 3045 Corpus
1236 3000 1530 3043 subcorrugatum
1557 2998 1668 3032 lineas
1696 3002 1847 3043 quatuor
1871 2999 2015 3043 longum
2042 3003 2128 3033 erat.

281 3100 315 3134 3.
368 3098 548 3132 Larvae
585 3095 807 3129 caudatae
843 3093 1170 3139 quadrupedes.
1239 3090 1398 3124 Cellulae
1430 3090 1584 3123 feminae
1617 3090 1751 3133 primae
1786 3090 1965 3123 continent
1996 3089 2135 3132 larvas,
2179 3102 2325 3136 quarum

132 3168 306 3213 quaedam
332 3175 483 3208 corpore
511 3163 673 3204 dimidio,
714 3162 887 3206 quaedam
920 3160 1035 3204 capite
1067 3163 1127 3192 aut
1160 3158 1308 3202 pedibus
1346 3156 1469 3190 anticis
1497 3156 1583 3189 solis
1615 3156 1829 3199 prominent,
1870 3157 2044 3200 quaedam
2078 3161 2195 3191 autem
2229 3162 2323 3191 totae

131 3237 167 3268 in
193 3234 355 3267 cellulam
381 3230 609 3265 absconditae
635 3232 726 3262 sunt.
779 3226 931 3268 Omnes,
967 3229 1135 3271 quotquot
1162 3236 1282 3258 earum
1316 3223 1491 3267 protraxi,
1527 3223 1686 3265 ejusdem
1713 3226 1812 3255 erant
1838 3223 2089 3267 magnitudinis
2116 3227 2150 3256 et
2174 3224 2322 3265 formae,

130 3301 280 3346 pedibus
315 3303 466 3344 quatuor
502 3296 638 3337 liberis,
683 3295 866 3338 caudaque
902 3294 1065 3327 distincta
1098 3293 1260 3336 elegante
1294 3291 1493 3323 instructae.
1553 3288 1653 3322 Haec
1686 3290 1829 3322 cauda
1863 3294 1916 3322 est
1948 3290 2152 3323 membrana
2194 3290 2319 3332 tenuis,

132 3368 307 3407 albicans,
349 3365 542 3409 diaphana,
577 3363 743 3404 dilatata3
786 3364 886 3394 costa
918 3360 1035 3394 media
1067 3357 1332 3403 longitudinali,
1373 3366 1593 3399 compressa,
1634 3356 1765 3389 sensim
1797 3356 2019 3400 angustiore,
2060 3354 2210 3399 denique
2245 3366 2317 3389 om-

131 3436 212 3470 nino
241 3436 489 3472 evanescente,
517 3428 811 3474 quemadmodum
836 3427 873 3459 in
898 3427 1007 3460 larvis
1034 3425 1189 3459 omnium
1207 3423 1477 3457 batrachiorum.
1530 3421 1610 3455 Situ
1633 3422 1784 3455 naturali
1806 3422 1920 3455 cauda
1944 3421 2039 3454 haud
2064 3424 2227 3464 porrecta
2253 3426 2316 3464 est,

131 3503 193 3536 sed
220 3500 297 3533 aliis
325 3498 359 3531 111
387 3498 530 3530 dorsum
556 3497 633 3529 aliis
668 3497 702 3529 in
729 3497 888 3528 ventrem
922 3494 1074 3530 reflexa,
1118 3492 1210 3536 quod
1246 3491 1350 3523 etiam
1387 3490 1420 3521 in
1455 3488 1582 3521 cellula
1608 3492 1775 3532 angusta,
1817 3499 1921 3531 quam
1955 3487 2084 3520 animal
2120 3490 2228 3520 totam
2255 3499 2315 3522 ex-

132 3570 198 3613 plet
229 3566 321 3600 haud
348 3575 451 3598 secus
478 3575 555 3597 esse
583 3567 707 3606 potest.
761 3559 999 3604 Longitudine.
1035 3563 1087 3592 est
1114 3559 1135 3591 2
1159 3558 1328 3590 linearum
1364 3559 1395 3587 et
1423 3556 1516 3599 quod
1550 3554 1706 3596 excedit,
1748 3554 1929 3587 latitudine.
1957 3553 1976 3587 1
1996 3574 2041 3578 —
2059 3552 2104 3593 1}
2130 3553 2312 3588 linearum.
