2632 3890
271 211 333 254 50
1186 205 1562 243 BATRAGHIA.

268 321 404 366 liquore
430 320 620 364 spirituoso
648 319 752 352 valde
779 320 950 354 alteratus
985 324 1047 353 est.
1107 316 1259 351 Fasciae
1295 317 1470 350 obscurae
1504 314 1634 359 pedum
1660 319 1696 348 et
1720 315 1882 349 maculae
1907 315 2031 360 nigrae
2059 313 2338 347 albo-limbatae
2365 313 2478 346 trunci

268 388 431 432 picturis,
466 387 501 420 in
527 386 649 420 tabula
673 386 820 420 laudata
846 386 1023 431 Principis
1058 394 1105 418 DE
1132 384 1250 417 IVIED
1277 383 1465 425 exhibitis,
1499 382 1734 426 respondent3
1775 383 1874 415 color
1906 382 2029 416 viridis
2056 392 2196 426 quoque
2231 380 2323 413 inter
2347 380 2479 414 fascias

267 456 437 488 obscuras
462 454 639 487 femorum
673 453 843 499 distingui
877 456 1010 498 potest,
1053 451 1117 485 sed
1151 451 1250 485 color
1281 452 1399 485 flavus
1433 456 1467 484 et
1501 449 1730 483 aurantiacus
1764 449 1889 493 capitis
1921 450 2019 483 dorsi
2045 450 2194 483 laterum
2222 452 2257 480 et
2283 447 2481 482 abdominis

267 521 301 553 in
328 520 684 554 sordide-cinereum
710 525 866 555 mutatus
893 524 956 554 est.

416 586 473 621 De
500 589 762 631 synonymia
797 588 903 630 hujus
929 585 1061 630 speciei
1088 586 1319 620 conferantur
1345 596 1438 631 quae
1465 585 1511 619 ad
1538 587 1745 630 sequentem
1771 582 1902 617 monui.

1015 892 1059 934 2.
1164 890 1197 933 S
1229 891 1285 933 T.
1371 891 1406 931 B
1456 890 1497 933 Ο
1546 891 1570 933 J
1620 890 1652 930 E
1702 890 1735 930 I.

366 1006 566 1057 Palpebras
591 1020 761 1057 superno
794 1009 1062 1049 tricarireatiffi
1101 1006 1215 1043 dorso
1252 1006 1487 1051 bic-minato,
1522 1007 1672 1042 earinis
1705 1007 1877 1042 mer-vatis
1915 1006 2030 1050 (Tab.
2047 1005 2124 1049 IX,
2158 1005 2217 1051 fig.
2235 1005 2274 1048 I,
2303 1005 2382 1045 IL).

417 1127 520 1162 Hanc
546 1128 720 1172 speciem,
755 1131 861 1161 antea
886 1139 951 1172 pro
977 1138 1068 1161 vera
1091 1123 1221 1163 Ra'na
1255 1131 1448 1161 cornuta
1475 1130 1567 1162 auct.
1596 1137 1618 1160 a
1643 1137 1701 1160 me
1727 1125 1884 1160 habitam
1912 1126 2019 1169 (conf.
2038 1125 2146 1159 Isidis
2171 1125 2260 1159 fasc.
2277 1123 2374 1158 VIII
2402 1123 2486 1157 anni

269 1193 399 1236 1825),
437 1194 609 1239 Princeps
637 1205 684 1228 DE
712 1196 848 1237 W'fflu,
886 1195 942 1228 cui
968 1195 1107 1229 iconem
1134 1195 1212 1238 ejus
1237 1195 1424 1238 miseram,
1459 1194 1536 1238 ipse
1562 1205 1626 1238 pro
1654 1205 1721 1228 sua
1751 1205 1841 1227 vera
1868 1192 2185 1236 Geratophrye
2210 1192 2323 1226 Bosa}
2352 1191 2484 1232 adulta,

268 1262 302 1294 in
326 1262 579 1305 Symbolarum
604 1266 705 1307 parte
722 1263 759 1304 I,
788 1274 868 1307 pag.
888 1260 970 1297 592.
1000 1263 1113 1304 edita,
1141 1262 1298 1307 agnovit.
1351 1261 1555 1306 Descriptio
1582 1261 1851 1306 palpebrarum,
1881 1272 1947 1294 nec
1972 1271 2044 1293 non
2070 1259 2273 1293 carinarum
2300 1258 2424 1302 capitis
2451 1261 2487 1291 et

271 1329 385 1371 dorsi,
429 1330 558 1374 auique.
591 1331 737 1363 valvula
772 1330 944 1372 carentis,
985 1330 1129 1363 omnino
1164 1341 1245 1363 cum
1277 1333 1399 1363 nostro
1434 1329 1617 1363 individuo
1645 1328 1827 1374 congruit3
1869 1328 1932 1361 sed
1966 1337 2218 1368 verrucarum,
2263 1326 2308 1359 ad
2335 1325 2486 1370 angulos

269 1396 379 1430 rictus
406 1401 623 1439 erectarum,
657 1397 844 1442 plicaeque
870 1397 1075 1441 spinulosae
1101 1397 1260 1430 lateralis
1287 1397 1420 1439 trunci,
1448 1397 1547 1430 nulla
1572 1396 1610 1430 fit
1635 1397 1779 1430 mentio.
1833 1395 1961 1437 Color,
2002 1394 2173 1439 imprimis
2207 1396 2331 1438 pectus
2365 1396 2400 1426 et
2426 1393 2485 1426 ab-

270 1464 399 1497 domen
431 1465 628 1506 maculata,
673 1465 719 1498 ad
746 1468 905 1498 nostrum
940 1464 1161 1498 individuum
1195 1465 1388 1509 quadrant3
1431 1464 1677 1498 desiderantur
1712 1466 1850 1505 autem,
1894 1463 1930 1496 in
1954 1462 2017 1496 illa
2051 1461 2308 1505 descriptione,
2350 1460 2487 1494 fasciae

267 1532 502 1573 alternantes,
539 1532 764 1565 obscuriores
791 1535 826 1565 et
853 1531 1056 1574 dilutiores,
1085 1532 1229 1576 capitis,
1266 1532 1394 1576 quibus
1420 1535 1542 1565 noster
1568 1532 1728 1565 stombus
1759 1533 1906 1564 ornatus
1933 1532 1998 1563 est.
2050 1528 2183 1563 Nostro
2210 1528 2357 1562 maxilla
2383 1539 2485 1572 supe-

267 1598 340 1632 rior
368 1598 504 1632 interne
531 1599 747 1632 denticulata
774 1602 845 1641 est,
889 1599 1077 1632 denticulis
1104 1602 1223 1632 tamen
1248 1599 1512 1642 minutissimis3
1545 1610 1670 1643 margo
1707 1598 1865 1632 exterior
1898 1607 2039 1642 quoque
2064 1596 2172 1640 hujus
2207 1596 2375 1630 maxillae
2403 1596 2485 1629 den-

268 1666 403 1707 ticulis,
439 1677 503 1699 seu
529 1665 669 1710 papillis
698 1666 839 1710 exiguis
867 1666 1096 1708 acuminatis,
1134 1666 1238 1711 quasi
1264 1667 1462 1699 serrulatus
1496 1669 1570 1708 est,
1613 1666 1692 1700 fere
1728 1665 2026 1710 quemadmodum
2061 1664 2097 1697 in
2129 1663 2311 1699 Bufone
2343 1674 2484 1707 mega-

266 1735 413 1766 stoma
440 1732 584 1774 SPIXH,
613 1734 677 1767 sed
705 1733 911 1768 obsoletius.
946 1732 1120 1778 Princeps
1147 1733 1289 1778 scripsit
1315 1734 1477 1778 quidem,
1504 1744 1571 1767 sua
1596 1733 1779 1766 individua
1805 1733 1972 1766 edentula
1998 1743 2096 1775 esse3
2129 1730 2329 1775 suspicatur
2356 1734 2485 1771 autem,

265 1799 301 1832 in
327 1800 439 1833 literis
467 1801 513 1833 ad
539 1812 595 1834 me
622 1801 759 1842 missis,
805 1800 896 1834 haec
932 1801 1117 1842 animalia,
1161 1801 1357 1835 secundum
1395 1804 1568 1843 aetatem,
1604 1801 1729 1835 forsan
1765 1811 1827 1833 ore
1854 1800 1998 1833 dentato
2033 1803 2069 1832 et
2102 1798 2290 1840 edentulo,
2327 1798 2487 1840 variare,

264 1870 588 1911 megastomam
614 1867 739 1901 SPIXH
768 1868 947 1902 definitive
974 1869 1020 1902 ad
1047 1880 1149 1902 suam
1183 1868 1414 1902 dorsatam
1448 1868 1604 1902 adhibet.
1657 1866 1749 1901 Cum
1775 1879 1863 1901 vero
1891 1870 2016 1900 auctor
2044 1866 2089 1899 de
2114 1866 2295 1910 genuitate
2321 1865 2487 1909 specifica

265 1934 370 1977 hujus
398 1933 538 1968 Stombi
566 1936 613 1978 (p.
634 1934 707 1969 570
732 1939 766 1968 et
792 1934 864 1969 575
892 1935 1160 1979 symbolarum)
1189 1935 1305 1968 adhuc
1333 1935 1441 1968 dubia
1466 1936 1607 1977 foveat,
1635 1935 1937 1979 comparationem
1962 1933 2069 1977 huJus
2095 1933 2229 1978 speciei
2254 1943 2336 1966 cum
2362 1932 2487 1966 Rana

265 2012 330 2034 seu
355 2001 535 2035 Bufone
562 2004 753 2035 cornuto
781 2006 985 2045 auctorum,
1032 2006 1067 2036 et
1093 2001 1415 2046 Ceratophrye
1451 2003 1661 2045 dorsata,
1699 2002 1892 2035 instituam.

415 2067 603 2110 Lux-mens,
645 2069 681 2102 in
707 2080 831 2103 museo
867 2070 987 2103 Fried.
1014 2069 1086 2104 Ad.
1123 2069 1215 2103 hanc
1250 2070 1406 2114 speciem
1440 2070 1627 2114 descripsit
1659 2069 1760 2114 plicis
1793 2069 2001 2103 lateralibus
2027 2067 2177 2102 clevatis
2203 2067 2379 2113 utrimque
2404 2078 2488 2112 qua-

262 2139 362 2176 tuor,
398 2135 514 2179 capite
540 2135 654 2178 laevi,
689 2137 888 2180 superciliis
916 2137 1049 2170 conicis
1084 2137 1302 2170 mucronatis
1336 2137 1524 2179 mollibus,
1560 2138 1661 2181 apice
1695 2137 1914 2178 tridentatis,
1951 2135 2180 2170 mucronibus
2216 2135 2349 2169 conicis
2376 2135 2489 2169 acutis

261 2202 396 2246 sparsis
422 2213 486 2246 per
512 2207 652 2247 tergum
679 2207 714 2236 et
738 2204 897 2245 femora,
924 2203 1053 2249 plantis
1073 2204 1340 2248 semipalmatis.
1391 2204 1524 2238 Nostro
1552 2205 1613 2239 St.
1640 2205 1752 2239 Bosssl
1780 2216 1887 2246 vero,
1922 2207 2066 2249 praeter
2091 2203 2250 2245 carinas,
2286 2214 2351 2237 seu
2376 2202 2489 2236 lineas

262 2270 350 2303 duas
378 2270 536 2304 elevatas
563 2271 785 2312 crenulatas,
820 2272 1002 2313 dot-sales,
1039 2272 1216 2316 utrimque
1243 2272 1350 2305 unica
1377 2276 1430 2305 est
1456 2273 1615 2306 lateralis
1643 2273 1848 2316 spinulosa3
1882 2275 1987 2316 caput
2012 2281 2263 2313 verrucosum3
2297 2270 2490 2314 palpebrae

267 2348 504 2378 verrucosae,
540 2348 648 2381 supra
675 2337 921 2380 tricarinatae,
959 2339 1059 2382 apice
1086 2339 1285 2382 simplices3
1318 2340 1461 2383 plantae
1488 2343 1584 2373 totae
1610 2339 1728 2373 fissae.
1791 2338 1924 2372 Nostro
1952 2339 2013 2372 St.
2042 2339 2230 2371 dorsato
2263 2337 2378 2381 plicae
2403 2338 2489 2371 late-

266 2404 360 2437 rales
388 2407 541 2448 quatuor
567 2404 753 2437 distinctae
781 2408 816 2438 et
841 2416 1029 2438 mucrones
1057 2405 1153 2438 acuti
1187 2406 1278 2450 tergi
1305 2410 1340 2439 et
1365 2406 1542 2439 femorum
1568 2406 1714 2448 desunt,
1748 2406 1940 2450 supercilia
1972 2405 2069 2439 haud
2094 2405 2306 2447 tridentata,
2347 2405 2490 2449 plantae

265 2470 362 2504 haud
388 2471 656 2515 semipalmatae
683 2475 775 2505 sunt.
829 2471 950 2513 SEBA,
984 2472 1020 2504 in
1038 2471 1220 2506 Thesauri
1242 2472 1361 2506 Tomo
1380 2473 1418 2514 Ι,
1447 2474 1517 2507 tab.
1534 2473 1600 2516 72,
1627 2474 1686 2518 fig.
1706 2473 1723 2507 1
1746 2473 1835 2515 etz,
1870 2472 1991 2506 icones
2019 2472 2198 2514 exhibuit,
2225 2483 2376 2516 corpore
2402 2476 2488 2514 toto,

267 2538 383 2581 capite.
409 2542 509 2581 parte
536 2538 654 2571 antica
681 2539 778 2572 dorsi
812 2539 938 2582 palmis
972 2540 1101 2583 plantis
1134 2543 1330 2584 ventreque
1365 2540 1543 2584 exceptis.
1588 2541 1698 2585 spinis
1734 2541 1847 2574 acutis
1873 2540 2061 2581 horrente,
2097 2550 2119 2573 a
2143 2539 2275 2573 nostris
2302 2539 2489 2583 speciebus

267 2605 451 2647 diversas,
487 2608 661 2647 attamen,
704 2609 742 2638 ut
770 2607 895 2647 credo,
939 2618 1020 2640 cum
1055 2606 1115 2641 St.
1152 2607 1338 2640 dorsato
1373 2608 1661 2653 conjungendas,
1703 2609 1786 2642 licet
1825 2608 2057 2652 proportione
2089 2607 2280 2652 digitorum
2313 2610 2349 2639 et
2372 2607 2490 2640 forma

270 2672 491 2705 macularum
516 2672 700 2717 nigrarum
728 2673 842 2707 trunci
869 2674 1064 2708 discedant.
1116 2674 1253 2719 Figura
1272 2674 1312 2716 1,
1347 2675 1476 2719 plantis
1497 2676 1672 2719 palmatis,
1701 2687 1721 2709 e
1747 2676 1923 2709 sententia
1949 2675 2093 2717 SEBAE,
2121 2685 2198 2709 mas
2225 2677 2338 2715 esset,
2366 2674 2489 2716 altera,

269 2739 397 2782 plantis
416 2739 529 2781 fissis,
556 2740 692 2773 semina
719 2743 778 2779 (an
801 2740 937 2784 justeZ)
955 2762 1003 2766 —
1021 2740 1272 2776 LAURENTms
1299 2742 1573 2787 descriptionem
1590 2754 1610 2776 e
1636 2754 1761 2776 museo
1779 2743 1899 2777 Fried.
1917 2743 1989 2776 Ad.
2016 2742 2233 2776 desumsisse
2259 2741 2411 2783 videtur,
2439 2741 2490 2775 in-

268 2807 383 2850 deque
410 2807 454 2840 de
481 2806 543 2839 illa
569 2807 695 2840 eadem
721 2811 804 2841 sunt
837 2808 1028 2850 monenda,
1074 2819 1166 2853 quae
1196 2809 1273 2852 jam
1307 2811 1353 2843 ad
1380 2810 1655 2854 descriptionem
1687 2809 1913 2844 Linneanam
1954 2809 2088 2843 monui.
2144 2808 2308 2851 Adultis,
2347 2809 2396 2842 ait
2429 2819 2491 2842 au-

270 2876 366 2914 ctor,
401 2874 547 2907 dorsum
572 2875 712 2908 femora
746 2879 780 2908 et
814 2886 904 2909 anus
939 2875 1049 2919 spinis
1084 2875 1247 2910 horrent:
1299 2875 1433 2910 Nostro
1460 2877 1521 2910 St.
1549 2877 1660 2910 BOJE1
1696 2889 1825 2921 corpus
1860 2881 1973 2911 totum
2004 2876 2205 2911 verruculis
2238 2876 2392 2909 obsitum
2426 2879 2490 2918 est,

271 2940 472 2974 dorsalibus
499 2941 697 2976 rarioribus
724 2945 759 2975 et
785 2942 998 2984 minoribus,
1035 2943 1232 2987 majoribus
1259 2955 1381 2977 earum
1405 2948 1535 2988 puncto
1562 2955 1633 2977 uno
1661 2945 1847 2988 punctisvc
1873 2946 2013 2978 duobus
2040 2947 2102 2978 aut
2127 2944 2239 2977 tribus
2264 2942 2394 2987 nigris,
2429 2953 2491 2975 no-

274 3006 376 3048 tatis;
420 3018 512 3051 quae
540 3009 691 3053 angulos
717 3009 846 3051 rictus,
881 3008 1068 3051 humeros,
1110 3011 1240 3055 plicam
1268 3011 1451 3045 lateralem
1479 3015 1513 3045 et
1539 3012 1704 3045 tibiarum
1736 3012 1830 3046 latus
1857 3016 2045 3046 externum
2071 3013 2246 3054 occupant
2270 3009 2491 3052 verruculae,

274 3073 430 3117 speciem
457 3076 627 3117 praebent
653 3076 872 3120 spinularum
899 3078 1117 3111 obtusarum.
1171 3077 1304 3112 Nostro
1333 3079 1523 3113 dorsato
1558 3079 1672 3112 latera
1707 3080 1833 3123 capitis
1861 3083 1896 3113 et
1921 3079 2055 3121 trunci,
2097 3089 2164 3112 nec
2187 3088 2259 3110 non
2285 3075 2383 3109 dorsi
2408 3087 2494 3120 pars

277 3139 432 3183 postica,
470 3151 664 3175 verrucosa
690 3144 832 3187 quidem
858 3148 959 3186 sunt,
996 3146 1158 3179 verrucis
1186 3149 1306 3179 autem
1331 3145 1428 3179 haud
1455 3146 1618 3190 spinosis.
1651 3167 1698 3171 —
1733 3146 1906 3180 ancmr
1934 3147 2058 3188 etiam,
2105 3156 2127 3178 a
2148 3143 2415 3185 SCHNEIDERO‚
2457 3144 2493 3176 in

277 3206 460 3240 Historiae
487 3207 761 3251 Amphibiorum
787 3214 887 3254 parte
913 3211 932 3244 I
966 3212 1099 3257 pagina
1122 3212 1213 3254 126,
1249 3213 1435 3254 laudatus,
1470 3217 1578 3257 caput
1603 3213 1706 3246 laeve
1734 3214 1937 3258 descripsit,
1975 3213 2105 3257 pedum
2132 3210 2262 3255 digitos
2296 3214 2415 3244 autem
2443 3210 2493 3244 di—

276 3274 392 3315 visos,
419 3277 581 3307 ventrem
608 3276 834 3318 albicantem,
878 3288 1008 3321 corpus
1033 3280 1290 3322 majusculum,
1318 3283 1424 3323 caput
1448 3280 1554 3314 latius
1580 3281 1703 3322 laeve,
1732 3293 1772 3314 os
1799 3292 1967 3326 magnum
1992 3278 2176 3312 latitudine
2202 3288 2347 3319 manus,
2381 3278 2495 3311 latera

278 3341 393 3374 trunci
419 3342 612 3375 tuberculis
639 3342 776 3386 asperis
803 3344 930 3378 obsita.
983 3344 1053 3379 Hic
1087 3351 1210 3381 nostro
1245 3346 1306 3381 St.
1333 3347 1440 3380 dors
1451 3351 1523 3380 ato
1558 3348 1775 3391 respondere
1809 3349 1960 3382 videtur.
2013 3344 2150 3380 Venter
2175 3344 2289 3378 nostri
2322 3344 2385 3378 St.
2420 3344 2494 3378 Bo-

279 3416 330 3439 JE!
368 3409 512 3442 sordide
538 3409 679 3443 albidus
706 3412 778 3451 est,
823 3411 971 3445 maculis
997 3413 1117 3455 parvis
1143 3413 1256 3459 nigris
1288 3413 1495 3458 variegatus
1527 3434 1574 3438 —
1607 3414 1897 3456 Individuorum,
1934 3425 1956 3447 a
1982 3412 2225 3446 SCHNEIDERO
2261 3411 2338 3455 ipso
2373 3422 2393 3444 e
2419 3422 2494 3444 mu—

281 3484 343 3506 seo
378 3475 577 3519 Barbyensi
611 3476 870 3520 descriptorum
904 3478 1040 3520 minus,
1085 3492 1165 3514 cum
1192 3485 1314 3515 nostro
1349 3480 1410 3514 St.
1438 3481 1549 3515 BOJEI
1585 3487 1815 3527 congrueret„
1858 3481 1939 3515 huic
1966 3483 2084 3513 autem
2118 3482 2225 3522 caput
2250 3488 2494 3519 verrucosum,

285 3545 485 3583 tympanum
513 3544 656 3578 omnino
683 3544 940 3587 indistinctum,
975 3546 1076 3591 digiti
1101 3548 1228 3592 postici
1256 3548 1319 3581 toti
1346 3548 1420 3582 fissi
1446 3552 1549 3591 sunt;
1588 3550 1704 3593 majus
1739 3551 1783 3583 ab
1811 3549 1984 3583 ambabus
2010 3546 2198 3591 speciebus
2225 3545 2409 3579 discedere
2445 3545 2496 3578 vi-
