2534 3890
172 233 237 277 94
1092 228 1465 264 BATRAGHIA.

170 346 242 384 est,
284 353 354 386 quo
382 342 534 382 factum,
568 344 607 373 ut
632 339 772 373 litterae
799 343 918 373 textus
945 344 979 374 et
1006 339 1147 373 iconum
1180 338 1276 372 haud
1303 342 1510 383 congruant.
1561 337 1593 372 E
1619 337 1867 373 menimn
1895 337 2229 382 Salamandrologia
2261 337 2382 372 icones

169 413 204 443 et
229 409 340 442 verba
366 407 402 441 in
427 406 642 441 VALENT1N1
670 406 983 451 Amphitheatrum
1010 400 1249 440 zdotomicum
1275 407 1448 439 translata
1473 408 1566 447 sunt,
1594 405 1756 439 iconibus
1783 410 1956 448 attamen,
1984 405 2185 439 inversione
2212 405 2379 447 secunda,

167 475 202 508 in
228 475 334 508 situm
359 474 558 508 naturalem
583 474 737 508 redactis
753 494 799 498 —
826 473 984 506 Externe
1011 473 1046 506 in
1072 474 1184 507 latere
1211 473 1353 507 sinistro
1379 472 1569 506 ventriculi
1595 472 1721 516 splen
1747 483 1940 517 suspensus
1968 476 2022 506 est
2048 472 2132 515 (tab.
2148 470 2249 505 XIII
2275 471 2333 516 fig.
2349 471 2381 514 I3

166 542 236 575 tab.
253 540 364 583 XIV,
405 540 463 585 fig.
481 540 519 583 I,
548 541 593 574 ad
620 541 677 584 6);
716 541 818 573 Iobus
846 550 1036 583 carnosus,
1072 541 1204 583 ovalis,
1249 540 1369 574 colore
1397 551 1544 581 croceo,
1585 540 1697 573 latere
1723 538 1891 573 interiore
1917 539 2114 574 ventriculo
2141 538 2377 580 incumbente,

164 608 288 652 plan0,
314 608 426 641 latere
444 608 622 641 exteriore
638 617 800 641 convexo
815 626 862 630 —
889 605 1180 649 Intestinum,
1207 607 1307 641 varie
1334 610 1534 641 contortum
1550 610 1584 640 et
1598 610 1770 639 retortum
1795 606 1890 649 (vide
1906 607 2038 651 figuras
2061 607 2137 650 jam
2153 605 2326 639 indicatas
2343 609 2378 639 et

164 676 233 708 tab.
252 674 367 709 XVII
394 675 452 719 fig.
467 674 533 717 IV,
561 675 605 708 ad
621 674 670 715 4),
697 672 904 706 terminatur
919 674 1084 708 intestino
1111 678 1208 708 recto
1226 672 1289 717 (5).
1336 673 1410 708 Per
1429 685 1586 708 errorem
1608 672 1821 707 PERRAULT
1837 676 1972 707 rectum
1987 685 2051 718 pro
2068 673 2234 707 intestino
2252 672 2378 706 habuit

162 742 305 775 vesicae
330 742 509 775 urinariae
535 740 784 784 respondente.
838 739 895 774 Dc
923 742 1047 775 cloaca
1073 742 1220 775 consule
1247 740 1467 774 RATHKEUM
1493 752 1575 785 pag.
1591 741 1651 774 77.

312 807 479 842 Partibus
506 807 652 840 internis
679 806 850 841 hactenus
876 809 1060 842 recensitis
1088 808 1348 842 Salamandrae
1376 812 1411 842 et
1436 807 1583 853 Molgac
1611 811 1829 852 congruunt,
1856 818 1899 841 eo
1926 807 2040 851 major
2067 811 2184 840 autem
2212 806 2374 840 differen-

163 875 214 909 tia
240 887 361 909 earum
388 878 441 909 est
467 874 666 907 visceribus
694 874 790 916 aliis,
833 875 876 908 dc
905 876 1032 920 quibus
1058 887 1152 909 nunc
1179 880 1322 910 acturus
1349 887 1439 910 sum.

311 941 429 975 Corde
457 944 492 974 et
518 941 647 985 hepate
674 940 1007 976 Salamandrae
1039 943 1299 977 maculosae
1325 943 1490 985 remotis,
1531 945 1651 987 partes
1677 942 1834 987 reliquae
1862 942 1897 975 in
1924 944 2152 985 conspectum
2176 941 2376 985 prodibant,

159 1009 281 1053 quales
308 1008 345 1041 111
370 1009 440 1042 tab.
461 1007 567 1050 XIV,
594 1008 652 1053 fig.
669 1008 688 1042 I
714 1008 824 1052 pinxi,
854 1010 876 1043 7
903 1010 1065 1054 designat
1091 1010 1221 1053 locum,
1247 1011 1309 1044 ubi
1336 1022 1398 1044 cor
1424 1011 1530 1044 situm
1558 1013 1634 1043 erat
1659 1030 1706 1034 —
1744 1008 1987 1043 Pulmones
2015 1008 2066 1051 (8)
2093 1008 2249 1053 speciem
2276 1019 2376 1052 prae-

159 1077 240 1109 bent
273 1075 498 1109 sacculorum
532 1076 702 1118 duorum,
744 1077 1092 1120 membranosorum,
1134 1078 1336 1120 fuscorum,
1377 1089 1397 1111 e
1431 1077 1599 1122 congerie
1631 1077 1872 1111 vesicularum
1904 1087 2096 1120 parvarum
2132 1077 2376 1110 conflatorum.

157 1141 334 1176 conferas
362 1141 583 1185 Cumanum,
611 1143 967 1187 BLUMENBACfflUM,
995 1144 1183 1188 meuu,
1212 1144 1493 1187 Towxsomuu,
1521 1144 1825 1185 HorrMANMUM,
1852 1142 2120 1176 Pramum-um
2148 1147 2214 1177 etc.
2266 1141 2376 1176 Parte

155 1209 271 1243 infera
296 1210 481 1254 pulmones
509 1222 639 1254 supera
667 1211 869 1244 ovariorum
897 1215 997 1256 parte
1023 1212 1201 1256 nituntur;
1240 1213 1424 1246 individuo
1452 1212 1611 1245 masculo
1647 1214 1766 1244 autem
1790 1210 1933 1254 longius
1959 1210 1995 1243 in
2022 1221 2151 1243 cavum
2178 1210 2376 1243 abdominis

155 1278 375 1311 descendunt
402 1281 436 1311 et
463 1277 623 1321 ejusdem
650 1289 731 1311 cum
757 1278 885 1323 hepate
911 1279 1142 1324 longitudinis
1169 1283 1251 1314 sunt
1278 1281 1362 1324 (tab.
1378 1278 1485 1322 XVI,
1513 1279 1571 1324 fig.
1588 1278 1608 1312 I
1635 1278 1773 1320 8—8).
1825 1277 2045 1311 IVURFBMN
2064 1276 2160 1310 haud
2187 1280 2376 1310 anatomen

154 1344 413 1378 Salamandrae
440 1345 646 1378 maculosae
674 1345 851 1388 exhibuit,
879 1346 962 1379 licet
988 1347 1120 1391 ubique
1147 1348 1191 1380 de
1217 1347 1286 1381 hac
1313 1347 1431 1391 specie
1457 1347 1640 1392 loquatur,
1669 1346 1732 1379 sed
1758 1346 1836 1380 fere
1863 1345 1993 1387 omnia,
2021 1355 2112 1389 quac
2140 1345 2184 1378 de
2211 1349 2376 1378 anatome

154 1411 260 1455 hujus
287 1412 450 1446 animalis
479 1413 634 1456 profert,
675 1424 693 1445 e
721 1416 872 1446 tractatu
900 1411 1063 1447 Omnem
1091 1413 1279 1449 JACOBAE1
1307 1418 1489 1448 mutuatus
1516 1418 1588 1456 est,
1617 1413 1678 1458 qui
1705 1417 1824 1446 autem
1850 1411 1998 1456 Molgeu
2026 1412 2213 1455 dissecuit3
2256 1412 2375 1457 itaque

152 1478 401 1512 IVURFBMNH
428 1480 553 1513 relatio
582 1480 625 1512 de
652 1480 877 1523 pulmonibus
905 1480 1164 1515 Salamandrae
1198 1482 1243 1515 ad
1271 1480 1419 1526 Molgen
1446 1481 1649 1515 adhibenda
1676 1484 1730 1514 est
1756 1500 1803 1504 --
1839 1478 2082 1513 Pulmones
2118 1478 2328 1524 Molgaru
2339 1490 2374 1513 m

152 1549 269 1579 autem
297 1547 402 1590 longe
430 1546 596 1579 differunt
624 1548 667 1580 ab
695 1547 820 1581 iisdem
843 1547 1162 1582 Salamandi-arum
1188 1549 1397 1583 visceribus.
1450 1548 1589 1592 Aperto
1617 1548 1752 1582 scilicet
1777 1546 1954 1592 Molges
1982 1547 2214 1580 taeniatae
2242 1558 2372 1589 mare,

151 1618 269 1657 partes
296 1614 456 1647 internae
482 1625 521 1647 se
548 1615 782 1648 ostendebant
808 1614 878 1648 situ
911 1616 981 1649 tab.
1001 1614 1127 1658 XVII,
1154 1616 1212 1661 fig.
1233 1615 1289 1650 IV
1315 1616 1421 1660 picto.
1474 1614 1549 1649 Vix
1575 1616 1794 1659 suspicabar,
1821 1619 1959 1659 partem
1986 1615 2103 1656 illam,
2131 1614 2233 1659 signo
2261 1616 2285 1648 δ
2310 1626 2373 1648 110-

151 1684 278 1722 tatam,
296 1681 517 1727 ¹pulmonem
544 1692 644 1724 esse,
688 1682 795 1715 corde
823 1685 960 1724 autem,
996 1681 1141 1726 hepate,
1184 1686 1328 1728 totoque
1355 1683 1471 1716 canali
1497 1683 1719 1716 alimentario
1746 1683 1913 1724 sublatis,
1957 1681 2142 1725 pulmones
2169 1693 2250 1715 cum
2276 1682 2373 1726 geni-

151 1748 282 1781 talibus
316 1748 644 1792 conspiciebantur,
687 1749 810 1793 quales
837 1750 980 1783 tabulae
997 1749 1130 1792 XVII,
1166 1749 1329 1795 figuraV
1363 1751 1518 1784 exbibet.
1571 1749 1768 1784 Pulmones
1796 1749 1847 1793 (8)
1875 1749 2177 1793 oblongo-orati,
2218 1749 2373 1792 speciem

148 1816 361 1859 praebentes
387 1815 529 1848 vesicae
556 1815 748 1859 piscariae,
797 1827 817 1850 e
843 1818 1049 1851 membrana
1075 1818 1147 1851 levi
1175 1821 1299 1851 tenera
1332 1818 1512 1862 diaphana
1537 1817 1679 1852 conflati
1706 1823 1805 1859 sunt,
1851 1820 1891 1850 ut
1916 1820 2036 1860 partes
2071 1817 2274 1850 substratae
2306 1827 2372 1860 per

149 1893 211 1915 eos
239 1881 400 1926 dignosci
426 1883 572 1926 possint.
625 1883 686 1916 Ad
712 1883 801 1917 haec
829 1885 993 1918 conferas
1019 1884 1376 1927 Bnunmnxcnmu,
1405 1883 1626 1926 Cumanum,
1655 1884 1929 1926 Towixsomuu,
1957 1883 2199 1925 JACOBAEUM,
2227 1882 2372 1916 Wunr-

150 1958 321 1991 mummi,
349 1953 415 1983 etc.
468 1949 517 1983 Hi
543 1950 729 1994 pulmones
755 1951 856 1994 apice
883 1951 996 1985 infero
1031 1953 1076 1985 ad
1103 1953 1222 1995 pelvin
1249 1964 1362 1997 usque
1390 1952 1628 1994 descendunt,
1675 1952 1774 1995 apice
1802 1962 1932 1994 supero
1960 1955 2078 1984 autem
2113 1950 2284 1984 testiculis
2312 1951 2372 1984 ad—

147 2016 234 2050 nexi
259 2020 352 2050 sunt.
405 2015 573 2050 RUSCOM
607 2019 760 2061 profert,
801 2018 987 2061 pulmones
1013 2017 1219 2063 Molgarum
1247 2020 1449 2053 adultarum
1482 2020 1545 2052 vix
1578 2019 1672 2052 infra
1697 2019 1853 2052 medium
1886 2018 1967 2052 cavi
1999 2018 2198 2052 abdominis
2226 2018 2371 2052 descen-

148 2084 251 2126 dere,
279 2082 315 2116 iu
342 2083 452 2117 larvis
480 2087 616 2126 autem,
644 2088 716 2117 tam
742 2084 947 2129 Molgarum
973 2097 1077 2130 quam
1104 2087 1323 2131 reliquorum
1349 2086 1642 2129 Batrachiorum,
1678 2098 1745 2120 nec
1771 2097 1842 2119 non
1869 2086 1905 2119 in
1932 2085 2059 2119 Sirene
2086 2086 2278 2128 lacertina,
2312 2097 2371 2119 us-

146 2162 215 2195 que
243 2151 288 2185 ad
320 2151 473 2185 fundum
508 2150 614 2184 imum
649 2151 847 2186 abdominis
882 2164 921 2186 se
955 2154 1160 2187 extendere.
1223 2153 1325 2187 Haec
1358 2154 1535 2187 sententia
1569 2154 1706 2187 auctori
1740 2153 1846 2187 etiam
1884 2165 2008 2187 ansam
2042 2154 2184 2187 dedisse
2216 2154 2370 2195 videtur,

147 2219 240 2263 quod
268 2218 432 2252 Sirenem
459 2230 523 2262 pro
550 2218 651 2252 larva
678 2219 864 2262 cujusdam
891 2220 1064 2254 batrachii
1088 2220 1231 2254 habeat.
1285 2219 1501 2255 Observatio
1528 2233 1628 2263 mea,
1664 2221 1770 2255 modo
1797 2221 1929 2263 relata,
1966 2232 2056 2265 quae
2084 2232 2224 2266 quoque.
2251 2222 2371 2255 obser-

147 2285 291 2319 vatione
325 2285 431 2319 simili
458 2285 635 2319 RATHKE!
664 2287 760 2329 (vide
788 2287 865 2330 ejus
899 2292 1087 2321 tractatum
1121 2289 1254 2333 pagina
1276 2288 1313 2331 2)
1351 2289 1583 2333 comprobata
1617 2292 1689 2330 est,
1731 2290 1864 2323 refutat
1891 2289 1987 2321 illam
2014 2300 2035 2322 a
2061 2287 2255 2322 RUSCOMO
2288 2299 2369 2333 pro-

148 2354 341 2397 mulgatam
376 2353 510 2396 legem3
553 2356 708 2386 attamen
743 2355 1008 2388 concedendum
1036 2359 1107 2397 est,
1152 2356 1337 2399 pulmones
1364 2355 1569 2400 Molgarum
1603 2355 1698 2389 haud
1726 2367 1868 2400 semper
1892 2355 1961 2389 hoc
1995 2356 2065 2389 situ
2092 2359 2127 2389 et
2152 2356 2221 2390 hac
2248 2360 2370 2389 exten-

148 2420 248 2453 sione
275 2420 450 2464 conspici,
478 2430 561 2453 nam
588 2420 623 2452 111
650 2421 761 2453 altero
790 2421 950 2464 ejusdem
977 2422 1111 2465 speciei
1137 2433 1255 2464 mare,
1285 2434 1306 2455 a
1333 2434 1389 2455 me
1417 2427 1554 2466 aperto,
1582 2423 1769 2466 pulmones
1796 2423 1902 2456 valde
1930 2424 2102 2456 contracti
2128 2427 2162 2456 et
2189 2422 2369 2467 corrugati

148 2487 329 2531 multoque
356 2487 540 2521 breviores
569 2491 669 2520 erant
697 2488 793 2530 (vide
820 2489 879 2522 tab
896 2487 1030 2530 XVII,
1072 2489 1129 2533 fig.
1149 2487 1222 2530 VI,
1264 2500 1356 2534 quae
1383 2489 1566 2523 testiculos
1605 2501 1798 2534 eorumque
1826 2490 2057 2534 appendices,
2095 2501 2175 2523 cum
2202 2491 2368 2534 pulmone

149 2554 280 2587 adnato
309 2554 372 2596 18),
401 2554 564 2596 exhibet3
598 2558 632 2587 et
659 2555 716 2599 fig.
736 2553 823 2597 VII,
852 2555 913 2588 ubi
940 2555 1008 2589 hae
1034 2559 1154 2600 partes
1182 2567 1261 2590 cum
1288 2556 1455 2600 pulmone
1483 2556 1536 2600 (8)
1565 2568 1586 2589 a
1612 2557 1723 2590 latere
1751 2557 1952 2590 delineatae
1979 2559 2094 2600 sunt);
2136 2557 2172 2590 111
2198 2557 2369 2591 femina

148 2620 326 2665 Molges
352 2621 575 2664 palustris
603 2622 787 2665 pulmones
815 2622 919 2656 lateri
944 2623 1078 2656 dorsali
1105 2623 1310 2657 ovariorum
1337 2635 1491 2668 superne
1518 2624 1651 2666 adnati,
1679 2624 1790 2657 instar
1813 2636 1923 2658 cornu
1950 2625 2053 2658 bovis
2081 2625 2229 2666 curvati,
2258 2625 2367 2658 multo

148 2688 303 2721 minores
339 2692 439 2721 erant
473 2700 579 2732 quam
615 2689 650 2722 in
677 2688 819 2734 Molges
857 2690 1034 2723 taeniatae
1068 2702 1166 2724 mare
1198 2691 1332 2735 primo,
1376 2692 1507 2736 vixque
1541 2691 1635 2725 insra
1668 2692 1823 2725 medium
1858 2691 2057 2726 abdominis
2091 2692 2366 2734 descendebant,

150 2756 245 2799 (vide
273 2755 342 2788 tab.
359 2754 492 2797 XVII,
530 2756 587 2800 fig.
608 2755 665 2797 II,
702 2767 792 2801 quae
820 2757 914 2790 illius
940 2757 1094 2791 feminae
1120 2762 1240 2802 partes
1267 2759 1434 2792 sexuales
1469 2759 1644 2801 internas,
1686 2759 1811 2792 ovaria
1838 2760 1883 2793 ad
1911 2759 1976 2801 15,
2020 2759 2090 2793 situ
2124 2759 2278 2793 naturali
2304 2770 2366 2793 cx-

150 2822 264 2864 hibet,
307 2826 341 2855 et
367 2822 425 2867 fig.
444 2822 524 2865 III,
568 2823 629 2856 ubi
664 2823 824 2866 ejusdem
849 2825 1004 2858 feminae
1039 2826 1202 2858 ovarium
1229 2826 1394 2859 dextrum
1420 2837 1624 2868 reversum,
1667 2838 1747 2859 cum
1775 2827 1904 2860 adnato
1931 2827 2098 2871 pulmone.
2126 2826 2196 2870 (8),
2234 2827 2367 2870 pictum

150 2893 227 2931 est).
279 2889 337 2923 De
363 2890 553 2924 coalitione
578 2891 784 2934 pulmonum
810 2903 890 2925 cum
907 2892 1078 2926 testiculis
1105 2895 1140 2926 et
1155 2893 1288 2926 ovariis
1303 2893 1450 2926 consule
1467 2892 1675 2935 Monaouu,
1716 2902 1765 2926 nu
1790 2893 1940 2935 FAruu,
1969 2893 2206 2936 Ruscomun,
2234 2893 2365 2928 Ruu-

150 2965 252 2988 xssuu
288 2961 323 2990 et
359 2966 500 2991 CARCM.
568 2957 660 2992 l'ars
694 2970 825 3002 supera
858 2959 1064 3003 pulmonum
1098 2958 1305 3005 Molgarum
1339 2970 1480 2993 sursum
1514 2960 1693 3002 ascendit,
1745 2961 1811 2994 sub
1849 2961 1968 3005 specie
2006 2962 2182 2995 canalium
2217 2962 2367 2994 duorum

150 3026 400 3067 angustorum,
440 3025 601 3068 ejusdem
628 3036 708 3059 cmn
734 3026 958 3070 pulmonibus
985 3027 1205 3061 substantiae
1246 3027 1330 3070 (tab.
1350 3026 1483 3069 XVII,
1518 3027 1577 3072 fig.
1597 3027 1617 3061 I
1644 3031 1679 3061 et
1705 3026 1759 3070 V,
1802 3029 1847 3062 ad
1874 3029 1930 3072 9),
1966 3029 2100 3063 orificio
2127 3027 2304 3063 communi
2329 3027 2366 3060 in

149 3090 254 3124 fauce
282 3089 463 3125 hiantium.

302 3156 467 3191 Transeo
493 3169 586 3192 nunc
614 3160 658 3193 ad
693 3164 844 3203 partes
879 3162 1113 3203 sexuales,
1157 3172 1307 3206 quarum
1334 3161 1595 3203 evolutionem,
1637 3173 1659 3195 a
1685 3162 1866 3196 larvarum
1892 3167 1987 3197 statu
2013 3173 2123 3208 usque
2150 3161 2195 3195 ad
2221 3162 2366 3196 maturi-

151 3227 260 3257 tatem
284 3223 413 3257 horum
439 3225 715 3268 amphibiorum,
749 3226 959 3261 RATnKEUs
987 3228 1130 3273 egregie
1158 3228 1360 3272 explicavit.
1414 3228 1481 3262 His
1508 3229 1666 3272 partibus
1694 3229 1830 3263 interne
1857 3231 1892 3263 in
1918 3230 2055 3271 medio,
2092 3240 2200 3273 supra
2227 3230 2366 3273 spinam

153 3290 265 3333 ipsam
291 3291 406 3333 dorsi,
448 3291 543 3332 sitis,
586 3297 710 3325 ventre
738 3298 860 3337 aperto
888 3295 1007 3328 nullae
1034 3307 1157 3329 earum
1184 3295 1219 3328 in
1255 3299 1484 3339 conspectum
1510 3296 1675 3338 veniunt,
1719 3297 1789 3330 nisi
1815 3309 1905 3342 quac
1939 3296 2123 3340 pressione
2150 3296 2367 3341 reliquorum

154 3357 348 3398 viscerum,
392 3358 434 3391 iis
460 3358 754 3401 incumbentium,
792 3361 986 3395 lateraliter
1011 3363 1281 3406 protruduntur,
1323 3373 1353 3395 e.
1381 3374 1415 3406 g.
1444 3363 1479 3395 in
1506 3364 1576 3396 tab.
1596 3362 1730 3406 XVII,
1765 3364 1822 3409 fig.
1840 3363 1906 3404 IV,
1933 3363 1994 3396 ubi
2020 3374 2103 3407 pars
2130 3364 2365 3408 appendicum

156 3423 231 3465 (11)
259 3426 520 3467 testiculorum,
564 3429 599 3459 et
626 3426 659 3458 in
687 3427 757 3459 tab.
775 3426 892 3465 XIII,
926 3429 1040 3472 fig.l,
1076 3430 1137 3462 ubi
1164 3429 1288 3462 ovaria
1323 3429 1411 3472 (16.)
1446 3441 1485 3463 50
1520 3431 1710 3464 ostendunt
1736 3451 1783 3455 —
1818 3429 1980 3464 Remotis
2015 3431 2141 3473 corde,
2175 3431 2305 3475 hepate
2331 3433 2367 3464 et

156 3491 272 3522 canali
297 3495 370 3525 toto
398 3493 637 3535 alimentario,
680 3498 799 3537 partes
826 3496 1005 3529 masculae
1040 3497 1076 3530 in
1104 3500 1331 3541 conspectum
1367 3497 1574 3539 veniebant,
1611 3498 1702 3531 sicut
1728 3497 1870 3531 tabulae
1886 3496 2022 3540 XVII,
2057 3498 2206 3543 figural
2241 3509 2303 3531 eas
2330 3498 2365 3531 in

158 3555 307 3601 Molge
344 3560 558 3602 palustri,
592 3560 756 3605 figuraV
785 3562 929 3595 easdem
956 3563 990 3595 in
1024 3562 1176 3609 Molge
1217 3563 1422 3597 taeniata
1467 3564 1654 3607 exhibent,
1698 3575 1776 3598 cum
1803 3564 2029 3608 pulmonibus
2056 3566 2206 3600 adnexis
2241 3564 2290 3607 (8.
2302 3564 2364 3608 9.),
