2632 3890
1072 238 1121 273 11.
1164 238 1339 274 RANA.
2248 244 2309 288 45

261 347 453 394 Corpus,
481 359 545 392 pro
572 357 680 388 rana,
708 346 812 380 valde
839 357 1025 390 procerum
1052 352 1123 389 est,
1158 349 1449 394 longitudine
1482 348 1560 383 fere
1587 348 1635 389 1÷
1661 349 1836 393 pollicum.
1890 351 2052 397 Digiti
2077 353 2175 398 longi
2200 355 2312 398 graci-

109 416 162 450 les
188 416 307 450 locum
332 417 414 450 huic
440 415 584 449 animali
610 414 799 458 adsignant
825 414 859 446 in
894 425 1026 459 genere
1052 413 1310 458 Ranarum,
1338 417 1420 450 licet
1445 416 1551 450 etiam
1577 415 1710 459 IIylis
1736 417 1963 462 quibusdam,
2008 432 2042 454 v.
2070 432 2099 454 c.
2126 425 2313 465 puncta-

111 488 183 517 tae.
210 487 245 517 et
270 483 662 527 lcucophyllatae,
704 481 805 526 digiti
840 482 917 515 fere
951 482 1111 525 ejusdem
1142 482 1373 526 longitudinis
1407 487 1443 516 et
1474 483 1681 528 gracilitatis
1713 483 1794 517 sint.
1846 485 1979 528 Apices
2006 487 2196 531 digitorum
2221 488 2317 521 haud

111 562 223 596 aeque
250 552 344 585 acuti
370 553 452 584 sunt
478 560 520 583 ac
545 549 582 582 in
606 549 752 593 reliquis
778 549 896 591 ranis,
941 549 1006 582 sed
1033 548 1175 593 oblique
1210 549 1640 592 orbiculatim·truncati,
1681 551 1853 595 perpaulo
1887 551 2031 586 latiores
2057 555 2193 599 reliqua
2218 558 2319 599 parte

111 618 251 652 articuli
274 617 387 651 ultiini
414 617 615 661 digitorum.
668 615 748 650 IIac
775 616 965 660 digitorum
991 619 1186 658 structura,
1213 614 1257 649 R.
1286 615 1419 649 lineata
1446 616 1591 650 exhibet
1617 617 1772 662 speciem
1798 621 1925 651 exacte
1950 620 2104 654 mediam
2130 621 2222 655 inter
2246 620 2318 655 Ra-

111 697 176 719 nas
203 689 237 718 et
251 685 376 728 Hylas.
429 682 624 726 Conferas,
650 694 742 728 quae
767 684 833 717 sub
860 682 979 727 specie
1006 683 1215 727 insequente
1240 683 1392 717 monebo
1411 701 1459 707 ——
1486 682 1699 718 Colorem
1725 688 1760 718 et
1785 685 1994 729 picturas
2021 686 2241 720 Sem-mnan
2259 699 2318 732 op-

112 752 196 785 time
223 751 426 795 descripsit:
454 750 570 786 Linea
596 751 678 784 alba
703 750 861 784 lateralis
888 753 923 783 et
947 750 1125 784 semorum
1150 751 1312 784 maculae
1339 750 1442 783 albae
1468 752 1726 785 transversales
1752 753 2000 797 perelegantes
2027 756 2109 786 sunt
2135 773 2182 778 —
2208 753 2321 788 Pars

111 830 251 863 prona
276 818 435 862 corporis
462 822 497 851 et
522 819 698 852 femorum
724 817 908 850 levissima
934 820 1005 858 est,
1047 817 1144 850 nullo
1171 828 1402 851 verrucarum
1429 819 1491 850 aut
1526 818 1756 861 granulorum
1781 819 1945 864 vestigio.
1997 819 2118 862 Haec,
2160 831 2226 854 nec
2250 832 2323 854 nou

112 886 212 930 digiti
239 886 304 919 toti
329 885 420 926 fissi,
447 886 633 929 formaque
660 884 871 928 digitorum,
905 884 1085 917 sufficiunt
1111 884 1202 918 hanc
1229 885 1384 928 speciem
1411 895 1432 917 a
1459 883 1575 927 Hyla
1600 886 1736 917 rubra
1763 886 1852 919 benc
1879 887 2099 929 discernere,
2136 898 2218 921 cum
2243 898 2323 932 qua,

111 964 183 986 non
208 953 277 986 nisi
303 952 434 986 coloris
460 955 496 984 et
520 952 738 996 picturarum
763 950 885 983 habita
910 950 1067 993 ratione,
1102 951 1209 984 facile
1235 951 1404 985 confundi
1429 954 1562 995 posset.
1614 949 1730 984 Multo
1756 953 1870 995 majus
1897 957 2015 988 autem
2040 957 2162 988 nostra
2187 956 2324 998 species

113 1020 219 1054 distat
245 1030 267 1053 a
292 1017 409 1062 Hyla
434 1018 799 1063 leucophyllata,
826 1028 891 1061 pro
918 1018 1020 1060 cujus
1046 1017 1220 1052 varietate
1245 1017 1468 1053 LATREILLE
1495 1028 1575 1053 eam
1598 1017 1732 1053 habere
1757 1019 1901 1054 mavult.

157 1098 170 1107 a

785 1354 859 1398 15.
948 1356 1001 1397 R.
1063 1353 1545 1399 GRACILIS.
1607 1368 1652 1399 Ν.

117 1484 348 1520 Planmrum
374 1482 508 1531 cligilz‘s
533 1482 826 1529 semr'flalmatis,
855 1486 995 1530 qnarlo
1021 1480 1267 1528 longis-§imm
1293 1481 1389 1516 vina
1415 1482 1575 1517 laterali
1597 1482 1699 1526 lata,
1736 1483 1839 1517 vittis
1864 1480 1986 1518 tribus
2012 1484 2191 1531 angustie
2218 1482 2325 1519 tibia-

576 1562 683 1592 rum,
721 1549 960 1597 maculisque
983 1547 1199 1595 semorum,
1229 1546 1362 1595 fils-0123
1416 1548 1532 1593 (Tab.
1560 1548 1668 1586 VIII.
1696 1549 1755 1596 fig.
1773 1550 1870 1593 ΙΙΙ).

266 1685 385 1729 Hujus
419 1685 552 1729 speciei
592 1695 757 1728 corpus
792 1688 827 1717 et
854 1688 978 1719 artus
1004 1683 1228 1729 proceriores
1255 1687 1337 1717 sunt
1363 1694 1470 1729 quam
1502 1684 1538 1719 in
1564 1684 1708 1729 reliquis
1745 1684 1976 1729 cospeciebus
2003 1695 2082 1718 esse
2110 1685 2243 1728 solent,
2278 1687 2326 1720 lc-

116 1753 270 1795 vissimi,
299 1754 432 1797 absque
460 1752 555 1785 omni
581 1763 813 1785 verrucarum
840 1753 1116 1796 granulorumve
1142 1751 1306 1796 vestigio.
1358 1751 1453 1785 Lon
1464 1752 1622 1796 gitudo
1651 1751 1697 1785 16
1718 1751 1903 1785 linearum.
1956 1750 2100 1795 Caput
2125 1752 2230 1785 valde
2247 1763 2328 1786 acu-

116 1826 208 1864 tum,
243 1821 457 1865 triangulum
484 1819 740 1864 aequilaterum
767 1819 940 1853 exhibens
969 1820 1077 1863 (linea
1103 1819 1355 1861 transversali,
1384 1819 1475 1852 inter
1501 1819 1652 1863 angulos
1678 1819 1787 1853 rictus
1815 1820 1939 1861 ducta,
1967 1829 2031 1862 pro
2058 1819 2136 1852 basi
2162 1819 2329 1864 trianguli

116 1891 258 1931 sumta).
311 1887 542 1928 Truncus,
571 1886 686 1919 anticc
712 1886 837 1930 capitis
863 1887 1068 1928 latitudine,
1096 1897 1203 1919 anum
1228 1897 1355 1919 versus
1382 1886 1514 1919 sensim
1541 1889 1752 1920 contractus.
1843 1885 2011 1927 Pahnae,
2039 1885 2229 1930 digitorum
2253 1887 2328 1920 lon-

117 1956 275 2002 gitudine
302 1955 472 1995 relativa,
506 1965 586 1987 cum
611 1953 756 1997 reliquis
784 1954 1014 1998 cospeciebus
1042 1956 1297 1997 congruentes-3
1334 1953 1451 1997 digitis
1478 1953 1564 1996 ipsis
1593 1953 1676 1986 totis
1703 1953 1835 1987 liberis.
1886 1952 2081 1987 Plantae
2108 1953 2329 1997 semipahna-

116 2028 194 2067 tae,
221 2023 330 2067 digito
357 2024 482 2066 quarto
509 2021 656 2065 insigni,
683 2021 902 2065 longitudine
929 2021 1054 2062 tibiae,
1083 2024 1137 2061 et,
1167 2021 1285 2064 digitis
1312 2020 1475 2053 omnibus
1502 2020 1673 2063 porrectis
1700 2023 1865 2064 arcteque
1892 2018 2114 2063 compositis,
2141 2019 2253 2053 tribus
2279 2020 2331 2053 ul-

118 2091 212 2125 timis
239 2090 395 2123 articulis
421 2090 514 2122 ultra
540 2088 690 2133 digitum
716 2088 857 2120 tertium
885 2091 919 2120 et
944 2088 1103 2132 quintum
1129 2088 1367 2131 prominente,
1409 2088 1502 2131 quod
1529 2088 1564 2120 in
1591 2088 1688 2120 nulla
1715 2087 1786 2120 alia
1811 2086 1924 2120 nostri
1959 2086 2073 2120 musei
2105 2085 2227 2128 Rana,
2269 2098 2329 2121 ex-

119 2162 222 2203 cepta
248 2157 467 2197 ocellata,
503 2156 630 2189 eodem
656 2156 762 2188 modo
790 2166 829 2188 se
857 2155 1020 2188 ostendit.
1075 2152 1209 2187 Omnes
1237 2154 1358 2198 digiti,
1403 2157 1475 2186 tam
1502 2154 1701 2197 plantarum
1728 2165 1833 2198 quam
1858 2154 2073 2197 palmarum,
2115 2153 2330 2197 pergraeiles

117 2229 217 2268 sunt,
260 2224 361 2268 apice
397 2224 539 2267 oblique
576 2222 995 2256 orbiculatim·truncato
1030 2225 1064 2254 et
1091 2220 1197 2264 paulo
1224 2221 1350 2253 latiore.
1376 2231 1481 2265 quam
1508 2221 1679 2254 articulus
1711 2221 1874 2261 ultimus,
1918 2220 1996 2253 fere
2022 2220 2114 2253 sicut
2139 2220 2175 2253 in
2206 2219 2332 2254 Rana

116 2294 310 2333 lineata,
338 2291 439 2334 cujus
466 2290 568 2335 digiti
594 2293 712 2322 autem
738 2289 921 2322 breviores
949 2292 983 2321 et
1009 2288 1202 2321 validiores
1229 2291 1320 2321 sunt.
1364 2286 1420 2321 Ob
1449 2287 1539 2321 hanc
1566 2288 1756 2332 digitorum
1782 2287 2062 2330 proportionem,
2089 2285 2193 2320 Rana
2219 2287 2331 2331 graci-

119 2361 195 2394 cilis
223 2359 329 2392 etiam
354 2358 451 2391 haud
477 2369 557 2391 cum
575 2356 678 2400 Hylis
706 2356 873 2399 conjungi
899 2358 1033 2399 potest,
1061 2355 1222 2399 quamvis
1250 2366 1297 2388 os
1324 2355 1499 2388 omnino
1527 2355 1786 2387 edentulum
1813 2354 1876 2393 sit,
1903 2352 2015 2387 Ranis
2043 2357 2178 2395 autem,
2206 2365 2330 2387 secun-

119 2428 203 2461 dum
230 2426 453 2460 characteres
481 2436 503 2457 a
528 2423 736 2458 Mmmmno
764 2423 995 2464 constitutos,
1031 2433 1103 2455 11011
1129 2423 1245 2455 50111111
1270 2422 1459 2463 maxillae,
1500 2422 1565 2455 scd
1600 2422 1707 2454 etiam
1733 2421 1907 2464 palatum,
1950 2420 2161 2454 dentibus
2195 2432 2331 2455 arma-

118 2499 191 2529 tae
218 2505 298 2527 esse
325 2493 506 2526 deberent.
559 2491 628 2525 llic
654 2492 779 2525 forsan
814 2493 934 2523 autem
961 2490 1105 2531 eadem,
1148 2500 1239 2533 quae
1273 2489 1308 2522 in
1338 2487 1540 2530 Cheloniis,
1587 2489 1648 2522 lex
1674 2489 1825 2530 obtinet,
1868 2487 2062 2521 minoribus
2089 2487 2254 2521 videlicet
2275 2488 2331 2531 ju-

118 2562 347 2605 nioribusque
375 2560 498 2593 dentes
525 2559 663 2592 deesse.
727 2557 891 2592 Tibiae
926 2557 1123 2591 femoribus
1148 2557 1254 2600 paulo
1280 2556 1464 2600 longiores
1491 2559 1583 2590 sunt.
1639 2554 1780 2589 Color
1805 2555 1949 2588 sordide
1985 2555 2330 2597 ssavo-fuscescens,

120 2630 157 2663 in
183 2630 289 2662 dorso
318 2627 511 2660 obsoletior
544 2629 579 2658 et
612 2636 692 2658 cum
716 2625 844 2668 ,grisco
879 2623 1023 2657 mixtus.
1091 2623 1151 2656 Ab
1184 2627 1333 2667 utroque
1366 2634 1452 2656 nare
1487 2633 1598 2667 usque
1632 2623 1678 2656 ad
1711 2622 1853 2655 oculum
1885 2622 1974 2655 vitta
2007 2622 2146 2655 ducitur
2182 2626 2332 2666 angusta

119 2697 240 2736 fusca,
277 2705 368 2739 quae
395 2694 477 2726 inde
504 2692 651 2725 dilatata
676 2702 740 2735 per
765 2694 969 2734 tympanum
996 2693 1031 2723 et
1056 2690 1169 2722 latera
1196 2690 1355 2733 corporis
1376 2689 1531 2722 decurrit
1557 2694 1592 2722 et
1618 2690 1664 2722 ad
1690 2689 1791 2722 basin
1817 2689 1964 2723 femoris
1991 2689 2139 2730 desinit,
2172 2689 2331 2732 margine

119 2764 282 2803 inferno,
325 2761 500 2794 abdomen
525 2769 671 2800 versus,
715 2758 804 2791 haec
830 2758 919 2790 vitta
945 2768 1008 2801 per
1034 2760 1145 2790 totam
1179 2757 1256 2800 ejus
1290 2756 1546 2800 longitudinem
1579 2756 1808 2789 albolimbata
1842 2759 1905 2789 est.
1967 2755 2066 2788 Inter
2090 2755 2182 2788 hanc
2207 2755 2330 2788 vittam

121 2835 156 2864 et
183 2830 358 2863 abdomen
384 2827 498 2860 latera
524 2826 683 2869 corporis
710 2826 830 2858 colore
856 2825 1016 2858 brunneo
1045 2824 1209 2857 dilutiore
1236 2824 1345 2856 tincta
1377 2826 1459 2857 sunt
1483 2823 1699 2867 maculisque
1725 2823 1934 2867 quibusdam
1960 2822 2214 2866 irregularibus
2240 2822 2331 2855 albis

118 2898 315 2941 variegata.
368 2893 487 2928 Etiam
512 2892 671 2937 margine
698 2904 849 2936 supero,
885 2892 1031 2925 dorsum
1057 2902 1202 2933 versus,
1240 2891 1329 2924 vitta
1361 2890 1430 2923 ista
1456 2891 1714 2923 albo-linnbata
1739 2890 1852 2923 fuisse
1878 2889 2028 2922 videtur.
2080 2886 2154 2921 Per
2178 2888 2333 2922 medium

119 2966 265 2998 dorsum
291 2962 386 2995 linea
410 2960 666 3005 nigro-fusca,
705 2959 951 3003 irregulariter
976 2959 1159 3000 undulata,
1187 2968 1313 2991 versus
1340 2968 1447 2990 anum
1473 2957 1690 3001 aliquantum
1716 2957 1913 2989 incrassata
1938 2955 2124 2999 minusque
2149 2955 2331 2996 undulata,

119 3031 286 3066 decurrit.
344 3027 464 3062 Pedes
491 3038 643 3071 superne
670 3026 814 3070 picturis
850 3025 1113 3070 nigro-fuscis,
1153 3025 1304 3068 passim,
1350 3024 1559 3067 praeprimis
1587 3027 1705 3057 autem
1732 3024 1768 3056 in
1793 3023 1943 3066 pedibus
1969 3022 2134 3066 posticis,
2177 3022 2332 3066 speciem

117 3100 287 3133 vittarum
320 3094 628 3139 longitudinalium
664 3093 934 3136 praebentibus,
974 3092 1180 3126 marmorati
1215 3094 1315 3133 sunt3
1366 3102 1448 3134 pars
1485 3101 1615 3133 supera
1648 3089 1769 3123 lateris
1805 3089 1944 3123 externi
1979 3089 2173 3130 femorum,
2219 3089 2330 3122 fundo

119 3165 374 3210 nigro-fusco,
415 3161 564 3195 maculis
597 3164 812 3194 marmorata
839 3164 892 3193 est
926 3159 1171 3193 albicantibus.

268 3231 326 3265 De
360 3229 475 3274 patria
506 3228 613 3271 hujus
649 3238 778 3269 ranae,
819 3237 910 3271 quac
944 3227 981 3259 in
1007 3237 1131 3259 museo
1160 3225 1386 3269 Lampeano,
1429 3223 1505 3256 sine
1539 3223 1635 3256 omni
1667 3223 1793 3257 notitia
1825 3223 2023 3268 adscripta,
2068 3223 2328 3262 asservabatur,

120 3299 224 3343 plane
250 3297 392 3330 nescius
419 3307 508 3330 sum.

270 3363 395 3397 Rana
428 3366 665 3407 mystacea
707 3360 831 3394 Sl‘lxn
859 3361 929 3393 tab.
953 3359 1014 3393 ΠΙ
1047 3359 1105 3403 fig.
1131 3359 1150 3393 1
1173 3362 1207 3392 et
1226 3358 1248 3392 3
1275 3358 1422 3391 multum
1450 3357 1614 3401 congruit
1639 3369 1718 3391 cum
1744 3357 1811 3391 hac
1838 3357 1974 3400 specie3
2015 3356 2078 3389 sed
2105 3354 2222 3398 digitis
2248 3365 2327 3397 pos-

123 3433 201 3466 ticis
229 3431 262 3464 in
290 3429 334 3464 R.
363 3431 486 3474 gracili
513 3431 606 3463 ultra
632 3428 785 3462 medium
812 3427 993 3470 palmatis,
1028 3426 1063 3458 in
1090 3430 1269 3469 mystacea
1296 3426 1372 3458 sere
1400 3424 1481 3456 totis
1508 3424 1618 3466 fissis,
1662 3425 1789 3458 dubius
1816 3424 1966 3463 haereo,
2004 3433 2048 3454 an
2083 3422 2208 3454 ambae
2235 3421 2328 3463 ejus-

124 3501 204 3533 dem
231 3497 363 3542 speciei
389 3497 468 3530 sint.
520 3496 653 3530 Nostra
680 3496 820 3540 quidem
849 3494 954 3526 etiam
981 3504 1130 3536 corpore
1157 3494 1371 3535 artubusque
1398 3491 1629 3525 alacrioribus
1638 3517 1648 3533 ,
1689 3503 1755 3524 nec
1780 3502 1851 3523 non
1878 3490 2031 3533 pictura,
2067 3487 2183 3520 differt
2209 3498 2231 3520 a
2256 3499 2328 3531 my-

123 3571 263 3607 stacea,
300 3564 365 3597 sed
390 3563 458 3596 hac
486 3564 705 3597 differentiae
732 3565 812 3607 post
837 3564 1004 3602 mortem,
1048 3560 1227 3594 coloribus
1254 3558 1493 3600 connnutatis,
1535 3570 1682 3602 corpore
1717 3558 1891 3601 0011111150,
1937 3558 2036 3588 ortac
2063 3565 2142 3587 esse
2168 3559 2325 3598 possunt.

194 3632 430 3656 GnAvrnnonsr
453 3627 601 3662 Reph’lz'cc.
1683 3624 1728 3658 12
