2534 3890
163 213 223 256 82
1086 207 1462 243 RATRACHIA.

1069 367 1099 402 Ι.
1171 366 1472 402 MARES.

321 456 353 488 1.
406 454 665 499 Longitudo
705 454 811 488 17-
829 453 873 487 21
903 452 1096 495 linearum3
1130 453 1245 488 cauda
1271 464 1422 498 corpore
1448 451 1555 496 paulo
1582 451 1747 493 brevior,
1782 452 1941 489 13—18
1967 454 2079 489 lineas
2105 454 2224 500 longa.
2276 453 2379 490 Cor-

169 534 248 567 pus
283 522 465 556 rarissime
501 522 621 564 leve,
661 522 866 566 plerumque
901 520 1008 554 dorso
1048 524 1083 554 et
1115 520 1288 555 lateribus
1322 520 1531 554 verrucis
1567 520 1706 564 parvis,
1747 520 1826 564 plus
1859 523 1975 557 minus
2009 523 2162 565 crebris,
2206 523 2379 565 obsitum3

168 590 494 635 cinereo-nigrum.
546 589 734 629 Latera,
762 587 924 631 proxime
945 587 1053 630 juxta
1078 588 1273 630 abdomen,
1308 588 1446 630 albida,
1480 588 1629 621 maculis
1655 587 1775 631 parvis
1799 591 1960 623 rotundis
1987 590 2156 624 confertis
2181 590 2293 634 nigris
2319 601 2380 624 va-

168 658 323 702 riegata3
362 660 442 699 aut,
477 657 509 691 si
533 656 664 697 mavis,
699 654 849 688 maculis
875 655 1028 689 laterum
1054 655 1183 700 nigris,
1224 655 1505 689 albo-limbatis.
1558 653 1725 688 Maculae
1759 655 1893 689 similes
1925 657 2039 691 latera
2065 658 2166 700 colli,
2201 658 2382 702 margines

167 726 393 759 maxillarum
419 725 678 768 palpebrasque
706 722 970 766 elegantissime
997 726 1136 756 ornant.
1189 721 1321 767 Margo
1353 722 1575 756 maxillae
1608 722 1866 766 superioris
1898 724 2029 769 ubique
2055 728 2192 767 rectus,
2227 737 2296 759 nec
2322 726 2380 758 de-

167 794 283 827 flexus
317 797 380 826 est.
439 791 475 825 A
510 790 669 829 cervice,
706 800 770 833 per
805 790 961 824 medium
994 789 1092 823 dorsi
1126 793 1162 823 et
1194 790 1350 831 caudae,
1392 790 1510 824 rarius
1546 793 1666 823 autem
1701 801 1814 834 usque
1848 791 1894 825 ad
1927 791 2043 835 ipsum
2068 793 2207 836 apicem
2232 793 2382 834 caudae,

168 861 292 894 linea
325 858 482 893 excurrit
508 857 710 899 elevata,
745 857 945 891 alternatim
969 857 1072 902 nigro
1100 857 1254 903 alboque
1287 857 1486 900 maculata3
1528 857 1709 891 rarissime
1743 857 1833 892 haec
1866 858 1961 892 linea
1987 859 2159 904 depressa
2185 863 2257 902 est,
2294 863 2382 892 tum-

168 939 235 972 que
264 927 386 960 vittam
413 928 600 969 angustam
627 924 745 958 albam
773 925 966 967 exhibens,
1005 925 1039 958 in
1075 925 1177 968 cujus
1210 925 1327 958 medio
1355 925 1467 958 series
1502 926 1723 959 macularum
1758 925 1941 970 nigrarum
1966 927 2217 969 rotundarum,
2254 937 2383 971 aequa-

168 996 274 1036 lium,
315 993 553 1036 brevibusque
588 992 783 1026 interstitiis
824 992 1034 1037 aequalibus
1067 992 1328 1035 sejunctarum,
1369 993 1546 1035 decurrit,
1595 993 1858 1037 elegantissime
1903 994 2059 1038 speciem
2093 998 2241 1028 catenae
2280 994 2384 1027 albae

166 1062 324 1106 praebet.
379 1059 572 1094 Caeterum
600 1063 719 1093 autem
745 1071 765 1092 e
792 1059 859 1093 hac
885 1060 974 1093 vitta
1000 1063 1166 1103 apparet,
1208 1060 1338 1094 lineam
1372 1060 1551 1093 dorsalem
1579 1064 1733 1094 erectam
1770 1061 2107 1105 duplicaturam
2140 1062 2257 1095 cutis
2293 1072 2382 1095 sur-

167 1140 259 1163 sum
287 1132 443 1161 tensae
479 1139 577 1169 esse,
614 1138 724 1171 quae,
757 1128 901 1171 relapsa
928 1131 963 1160 et
988 1127 1182 1160 lateraliter
1209 1131 1377 1168 extensa,
1412 1128 1537 1160 vittam
1563 1127 1668 1161 istam
1695 1128 1849 1161 exhibet.
1902 1127 2050 1163 Pedes
2078 1140 2158 1163 cum
2184 1129 2304 1174 digitis
2326 1139 2383 1162 su-

168 1208 230 1239 pra
257 1200 291 1229 et
318 1196 489 1229 lateribus
516 1193 647 1228 cinerei
681 1198 780 1235 sunt,
817 1195 959 1227 macula
991 1194 1095 1238 nigra
1131 1195 1175 1228 ad
1205 1195 1392 1238 juncturas
1427 1195 1657 1228 articulorum
1690 1196 1900 1240 digitoru1n3
1940 1195 2034 1229 infra
2069 1196 2168 1230 ssavi.
2232 1195 2385 1230 Gauda

167 1264 271 1297 valde
298 1273 523 1307 compressa,
567 1273 717 1305 anceps,
751 1261 1086 1306 nigro-maculata,
1123 1262 1202 1296 acie
1228 1263 1368 1296 inferna
1404 1263 1605 1296 alternatiln
1631 1263 1735 1307 nigro
1768 1264 1934 1307 flavoque
1968 1264 2166 1307 maculata3
2208 1263 2385 1297 interdum

166 1331 285 1364 taenia
310 1329 449 1363 laterali
486 1329 763 1371 cinereo-alba,
800 1329 990 1373 praecipue
1023 1330 1161 1373 apicem
1193 1341 1322 1364 versus
1349 1330 1569 1364 distinctiore
1595 1350 1643 1355 —
1688 1329 1792 1364 Infra
1826 1334 1962 1375 caput
1998 1334 2033 1364 et
2067 1335 2253 1365 truncus
2288 1331 2386 1364 flava

166 1402 268 1440 sunt,
304 1397 541 1431 immaculata.
594 1396 751 1430 Tuber
785 1397 918 1430 anale
955 1397 1153 1441 turgidum,
1196 1396 1537 1441 hemisphaericum,
1580 1398 1672 1432 sicut
1704 1398 1740 1442 in
1773 1399 1931 1432 maribus
1965 1399 2098 1443 speciei
2131 1398 2384 1439 antecedentis,

167 1466 310 1506 ssavlun,
338 1464 473 1509 postice
499 1464 867 1508 nigro-maculatum,
901 1465 1133 1508 papillosum,
1166 1465 1258 1498 rima
1282 1465 1533 1510 longitudinali
1558 1466 1778 1510 marginibus
1805 1466 2072 1511 subrugulosis3
2098 1466 2244 1511 spiculis
2269 1465 2385 1500 nullis.

167 1532 284 1577 Caput
311 1536 363 1565 est
391 1531 571 1571 obtusius,
607 1532 723 1565 cauda
748 1531 894 1565 brevior
919 1543 1025 1576 quam
1050 1532 1088 1566 in
1113 1532 1233 1577 specie
1260 1534 1510 1576 antecedente,
1551 1534 1661 1578 pedes
1693 1533 1785 1567 sicut
1818 1533 1855 1566 in
1880 1533 1952 1568 illa.

318 1607 353 1642 2.
405 1607 666 1652 Longitudo
694 1607 854 1652 corporis
882 1608 949 1650 1ὲ,
984 1609 1121 1642 caudae
1151 1609 1197 1651 lg
1223 1608 1402 1653 pollicum.
1456 1608 1595 1643 Color
1630 1620 1740 1653 supra
1774 1613 1809 1643 et
1834 1609 2005 1644 lateribus
2030 1610 2289 1655 nigro-fuscus
2315 1609 2386 1654 pic-

166 1676 255 1710 turis
281 1675 537 1720 irregularibus
564 1675 865 1709 cinerascentibus
890 1676 1063 1710 obsoletis
1089 1682 1340 1711 marmoratus.
1391 1675 1548 1711 Maculis
1573 1677 1685 1722 nigris
1712 1677 1838 1721 capitis
1865 1681 1901 1711 et
1927 1677 2009 1712 colli
2034 1678 2127 1712 sicut
2151 1678 2187 1712 in
2213 1677 2388 1711 varietate

166 1744 297 1788 prima,
330 1743 484 1776 laterum
510 1742 623 1776 trunci
651 1746 770 1776 autem
796 1743 978 1777 obsoletis.
1031 1742 1205 1785 Gauda,
1243 1744 1399 1788 pedes,
1434 1744 1559 1778 linea
1585 1744 1810 1787 dorsalis,
1853 1745 1984 1779 tuber
2011 1745 2162 1788 anale,
2196 1755 2301 1789 pars
2327 1744 2386 1777 in-

165 1812 263 1845 fera
289 1811 398 1844 totius
425 1810 604 1854 corporis,
649 1821 730 1843 cum
756 1810 882 1846 iisdem
909 1811 1068 1855 partibus
1101 1811 1286 1845 varietatis
1313 1811 1448 1855 primae
1475 1816 1684 1856 congruunt.
1737 1811 1877 1857 Ubique.
1905 1816 2024 1846 autem
2050 1813 2150 1846 color
2176 1812 2385 1857 nigro-fus-

168 1891 230 1913 cus
258 1877 466 1924 granulis
494 1877 796 1911 albido-cinereis
823 1879 992 1912 confertis
1020 1879 1212 1923 adspersus
1239 1882 1303 1912 est.
1363 1877 1587 1913 Maxillae
1620 1880 1876 1924 superioris
1911 1891 2037 1924 margo
2073 1880 2244 1925 angulum
2276 1879 2386 1913 rictus

166 1957 292 1980 versus
318 1945 500 1990 paululum
528 1945 690 1979 deflexus
718 1948 783 1979 est.
835 1945 983 1979 Statura
1008 1949 1083 1979 tota
1118 1946 1225 1990 paulo
1253 1946 1409 1979 crassior
1436 1957 1542 1991 quam
1575 1947 1611 1980 in
1638 1947 1881 1981 antecedente.

276 2058 279 2061 Δ
318 2020 352 2055 3.
404 2019 666 2064 Longitudo
701 2020 861 2064 corporis
890 2022 955 2064 1},
993 2021 1131 2054 caudae
1167 2021 1214 2065 1}
1237 2021 1415 2065 pollicum.
1478 2021 1648 2056 Plurimis
1684 2023 1774 2056 haec
1806 2022 1963 2057 varietas
1996 2034 2076 2056 cum
2109 2022 2269 2057 secunda
2304 2034 2386 2056 con·

166 2089 281 2130 venit3
313 2088 462 2121 maculis
488 2087 695 2121 lateralibus
723 2088 834 2132 paulo>
859 2088 1148 2130 distinctim-ibus,
1182 2089 1352 2123 maxillae
1378 2090 1573 2133 superioris
1599 2090 1761 2135 margine
1787 2090 1919 2135 ubique
1945 2094 2062 2133 recto,
2099 2091 2144 2124 ab
2171 2090 2233 2123 illa
2259 2090 2385 2124 differt.

167 2156 327 2200 Capite
353 2156 478 2189 subtus
504 2155 815 2199 nigro-maculato
843 2165 865 2188 a
890 2156 1048 2189 secunda
1076 2159 1109 2189 et
1136 2156 1251 2200 prima
1275 2156 1431 2199 recedit;
1464 2157 1601 2201 pedes
1629 2158 1755 2201 postici
1781 2157 1888 2203 paulo
1914 2158 2100 2200 fortiores,
2128 2158 2298 2202 imprimis
2324 2169 2385 2191 au-

166 2228 237 2258 tem
264 2223 365 2267 digiti
391 2233 515 2256 eorum
541 2222 722 2266 longiores
750 2226 784 2255 et
811 2222 1004 2256 validiores
1032 2226 1131 2265 sunt,
1167 2234 1272 2268 quam
1299 2223 1334 2256 in
1365 2224 1668 2258 antecedentibus.
1729 2224 1878 2259 Statura
1910 2225 2094 2259 varietatis
2121 2225 2309 2258 secundae.

319 2291 380 2325 Ad
407 2301 524 2323 mares
551 2290 747 2333 descriptos
774 2290 889 2334 redigi
923 2291 1053 2324 debent
1078 2289 1230 2335 Molge
1263 2290 1512 2324 Wumvmmn
1546 2290 1746 2326 Mammam
1779 2312 1827 2317 —
1869 2292 2032 2326 Triton
2066 2292 2315 2325 Wunrmmn
2351 2296 2385 2325 et

168 2358 331 2392 Triton
372 2356 779 2391 Salamandro'ides
814 2356 1030 2390 LAURENTH
1065 2377 1112 2381 —
1155 2357 1458 2391 Salamandra
1500 2359 1715 2402 aquatica
1747 2358 1996 2393 IVURFBMNH
2031 2371 2112 2404 pag.
2135 2358 2202 2401 64,
2237 2360 2308 2393 tab.
2332 2359 2384 2399 II,

167 2425 265 2469 lig-‚4
292 2445 339 2450 —
380 2424 678 2458 Salamandra
710 2423 958 2456 Wonrffimu
994 2423 1241 2457 8010111111-
1284 2415 1586 2458 salamandra
1619 2425 1767 2459 cincta
1800 2425 2037 2460 LATnmLLm
2067 2446 2114 2451 —-
2156 2426 2384 2460 Salaman-

167 2493 245 2526 dra
278 2493 410 2537 ignea
443 2491 609 2525 BECHST.
644 2490 786 2534 p.260,
821 2491 891 2524 tab.
908 2489 984 2524 XX
1017 2490 1075 2535 fig.
1094 2491 1112 2526 1
1140 2494 1174 2523 et
1201 2491 1235 2525 2.

318 2558 482 2593 Triton
515 2558 738 2602 palustris
772 2557 974 2591 LAURENTI
1001 2558 1098 2591 nullo
1131 2558 1239 2591 modo
1272 2557 1343 2592 huc
1368 2559 1497 2592 referri
1529 2563 1664 2603 potest,
1707 2560 1771 2594 sed
1807 2561 1851 2594 ad
1884 2560 2053 2594 feminam
2086 2558 2263 2605 Molges
2297 2564 2383 2594 tae-

166 2626 331 2660 niatae.
383 2625 485 2659 Idem
514 2625 619 2658 etiam
647 2625 781 2658 obtinet
808 2625 852 2658 de
879 2624 1178 2659 Salamandra
1204 2624 1354 2659 cincta
1380 2625 1586 2670 DAUDINu,
1621 2638 1712 2671 quac
1740 2639 1826 2672 ergo
1853 2627 1949 2661 haud
1977 2639 2057 2662 cum
2083 2627 2384 2662 Salamandra

168 2694 315 2728 cincta
347 2692 585 2727 LATRElLLEl
617 2692 869 2726 confundenda
902 2696 967 2726 est.

317 2759 446 2801 Miror,
475 2760 570 2805 quod
584 2759 613 2794 F
618 2768 812 2802 1ΤΖ1ΝοΕ11,
839 2770 919 2793 cum
946 2770 1036 2804 opus
1050 2758 1311 2803 BECHSTEINH,
1339 2761 1488 2806 ejusque
1515 2761 1785 2796 observationes
1812 2762 1856 2795 de
1883 2762 2066 2796 identitate
2093 2761 2258 2806 specifica
2278 2760 2383 2796 Mol-

169 2839 246 2872 ges
273 2827 524 2861 VVURFBAIMI
553 2830 587 2861 et
613 2825 789 2871 Molges
821 2826 1039 2870 alpestris
1072 2827 1164 2860 bene
1190 2827 1348 2869 noverit,
1383 2831 1502 2861 tamen
1529 2829 1775 2872 alpestrem
1809 2840 1873 2873 pro
1901 2830 2019 2873 specie
2042 2830 2214 2873 peculiari
2240 2829 2383 2871 habeat,

167 2894 348 2939 Molgen
373 2894 622 2928 WVURFBAINH
640 2898 759 2927 autem
786 2894 831 2927 ad
857 2892 1039 2938 Molgen
1065 2894 1315 2938 palustrem
1340 2894 1493 2937 referat3
1526 2906 1592 2929 nec
1619 2896 1652 2929 ei
1679 2897 1870 2939 adsentior,
1906 2896 2141 2931 Tritonem
2167 2897 2382 2930 salaman-

169 2962 369 2995 dro'idem
409 2961 532 2995 LAUR.
568 2962 613 2995 ad
655 2960 728 2997 Tr.
763 2961 1027 3005 alpestrem,
1076 2960 1422 2996 Salamandram
1463 2962 1657 2996 cinctam
1690 2962 1875 2997 Daunum
1917 2968 1953 2998 et
1985 2963 2222 2998 mmmm
2263 2966 2382 2996 autem

165 3028 314 3072 junctim
341 3029 387 3062 ad
413 3028 525 3063 Trit.
552 3029 800 3073 palustrem
833 3028 1023 3062 adhibenti.

319 3093 378 3128 De
404 3094 599 3129 Lacerta
632 3096 828 3139 palustri
860 3094 1191 3137 RAZOUMOWSKx'l,
1233 3095 1335 3139 cujus
1362 3096 1636 3141 descriptionem
1662 3096 1883 3131 Sem-mom
1909 3109 1942 3142 p.
1959 3097 2008 3132 66
2042 3096 2235 3140 excerpsit,
2270 3095 2381 3130 incer-

170 3166 227 3196 tus
253 3172 350 3203 sum,
390 3172 474 3194 num
507 3162 552 3195 ad
578 3161 670 3196 hanc
695 3163 868 3207 speciem,
903 3173 988 3196 num
1022 3163 1067 3196 ad
1101 3161 1284 3207 Molgen
1316 3164 1567 3207 palustrem
1595 3164 1797 3198 adhibenda
1829 3166 1893 3208 sit3
1931 3164 2143 3209 quibusdam
2174 3163 2267 3196 notis
2302 3175 2381 3196 cum

167 3230 246 3271 illa,
283 3228 495 3274 quibusdam
520 3239 601 3262 cum
626 3228 694 3263 hac
719 3229 846 3263 melius
879 3229 1058 3264 convenit.
1117 3229 1256 3264 Forsan
1289 3230 1446 3265 varietas
1472 3230 1509 3265 A
1543 3230 1720 3266 Lacertae
1746 3231 2059 3266 RAzounowsxn
2093 3229 2139 3263 ad
2171 3229 2380 3264 varietatem

168 3296 191 3331 2
218 3300 253 3330 et
278 3295 302 3331 3
337 3299 481 3341 nostrae
508 3295 640 3340 speciei
665 3296 775 3330 maris
801 3297 929 3331 referri
966 3301 1097 3341 posset.

1018 3405 1070 3439 II.
1131 3403 1525 3440 FEMINAE.

317 3480 350 3514 1.
404 3479 662 3524 Longitudo
690 3479 850 3523 corporis
879 3479 1058 3522 18—24,
1094 3481 1231 3514 caudae
1268 3479 1428 3516 15—22
1463 3482 1648 3517 linearum.
1709 3483 1898 3518 Statura
1934 3487 1969 3517 et
2001 3480 2185 3528 proportio
2221 3479 2380 3524 corporis

171 3546 316 3590 ejusque
343 3547 493 3589 partium
520 3551 555 3580 et
580 3550 721 3580 artuum
747 3547 838 3581 sicut
864 3547 899 3580 111
926 3557 1023 3580 mare
1050 3567 1097 3572 —
1125 3547 1318 3592 Corpus,
1356 3559 1437 3582 cum
1464 3550 1579 3594 capite
1606 3551 1722 3585 cauda
1748 3554 1783 3584 et
1809 3550 1978 3594 pedibus,
2013 3559 2122 3594 supra
2148 3551 2183 3581 et
2207 3547 2379 3581 lateribus
