2534 3890
860 740 1343 795 (finnus
1451 742 1563 794 lx.

526 920 1473 989 SALAMANDRA
1570 947 1906 989 minacia.

949 1288 989 1326 1.
1087 1287 1493 1328 S.ATRA.

1103 1402 1201 1436 Tala
1236 1408 1336 1437 (dra.

720 1536 1019 1570 Salamandra
1057 1541 1154 1570 atra
1195 1537 1317 1571 LAUR.
1349 1543 1413 1571 ete.

721 1603 916 1637 Lacerta
944 1607 1043 1637 atra
1085 1603 1219 1637 RVOLF.

269 1736 425 1803 Multa
452 1767 652 1812 accepimus
679 1767 864 1801 individua
902 1779 949 1802 ex
975 1768 1083 1802 Italia
1109 1773 1143 1802 et
1170 1767 1347 1803 Helvetia.

267 1837 363 1872 Lon
373 1837 531 1882 gitudo
559 1835 718 1880 corporis
746 1834 765 1869 1
784 1834 948 1879 pollicem
975 1839 1010 1869 et
1035 1835 1059 1870 8
1082 1836 1195 1870 lineas
1221 1856 1269 1861 —-
1296 1835 1319 1870 2
1336 1835 1482 1880 pollices
1510 1841 1544 1871 et
1570 1837 1593 1871 9
1618 1837 1748 1880 lineas,
1775 1839 1911 1873 caudae
1939 1838 1985 1875 15
2000 1840 2112 1876 lineas
2135 1862 2181 1868 —
2208 1844 2320 1889 12Ροί-

120 1905 207 1939 lices
232 1908 374 1950 aequat.
433 1902 696 1944 Parotides,
731 1913 977 1944 verrucae,
1014 1903 1151 1947 pedes
1186 1906 1251 1937 etc.
1286 1903 1378 1937 sicut
1413 1904 1447 1936 in
1483 1903 1788 1939 Salamandra
1820 1907 2069 1951 maculosa,
2113 1921 2240 1954 corpus
2269 1916 2321 1945 to-

120 1976 195 2005 tum
222 1975 343 2005 autem
368 1970 484 2004 minus
512 1974 546 2003 et
581 1969 759 2015 gracilius.
820 1969 925 2002 Statu
951 1970 1132 2003 exsiccato
1167 1974 1289 2003 costae
1325 1971 1600 2016 vertebraeque,
1636 1972 1843 2015 praesertim
1876 1973 1912 2007 in
1938 1975 2072 2017 cauda,
2112 1978 2320 2021 prominent,

122 2039 218 2084 quod
245 2039 351 2072 etiam
379 2038 414 2071 in
442 2038 544 2071 icone
578 2036 857 2070 LAURENTIANA
893 2037 983 2070 bene
1012 2037 1208 2070 exhibitum
1235 2040 1306 2079 est,
1347 2041 1430 2071 tunc
1463 2039 1579 2071 cauda
1612 2042 1798 2083 tetragona
1833 2043 1886 2074 est
1912 2061 1958 2065 ——
2003 2040 2146 2087 Caput
2180 2045 2323 2088 planum

120 2106 211 2139 leve.
272 2104 446 2139 Maxillae
481 2104 643 2138 dentibus
676 2103 795 2137 multis
831 2103 1072 2137 minutissimis
1106 2103 1318 2137 acutissimis·
1354 2108 1522 2138 armatae.
1586 2104 1729 2149 Lingua
1763 2107 1930 2150 depressa
1967 2109 2230 2144 suborbiculata
2263 2116 2324 2146 aut

121 2174 316 2215 subovata,
351 2172 485 2217 postice
512 2172 591 2216 plus
616 2171 732 2204 minus
758 2170 881 2212 latior,
916 2171 1040 2204 subtus
1067 2171 1215 2212 adnata,
1252 2170 1470 2214 marginibus
1496 2171 1702 2205 lateralibus
1730 2176 1763 2205 et
1790 2173 1924 2216 postico
1951 2173 2081 2209 liberis.
2133 2175 2235 2210 Plica
2260 2189 2324 2223 gu-

123 2240 207 2273 laris
236 2240 411 2273 distincta.
463 2238 657 2273 Dorsum
684 2238 876 2282 segmentis
905 2236 1065 2272 12—13
1092 2237 1257 2279 incisum,
1300 2248 1450 2282 quorum
1484 2238 1624 2282 singula
1656 2239 1816 2273 verrucis
1850 2244 2002 2284 quatuor
2035 2242 2204 2277 instructa
2230 2250 2322 2288 sunt,

122 2308 260 2341 duabus
287 2307 323 2340 in
349 2306 466 2340 medio
493 2305 590 2339 dorsi
616 2305 910 2346 obsoletioribus,
945 2304 1050 2348 juxta
1076 2305 1206 2337 lineam
1233 2304 1355 2348 spinae
1382 2304 1658 2349 subimpressam
1687 2307 1978 2350 subundulatam,
2015 2320 2086 2342 una
2111 2311 2245 2354 majore
2271 2315 2324 2345 tu-

121 2375 309 2408 berculosa
334 2374 496 2417 utrinque
531 2373 576 2406 ad
602 2373 694 2405 latus
729 2371 843 2415 dorsi3
888 2372 1050 2405 omnibus
1085 2375 1204 2404 autem
1245 2383 1333 2416 poro
1369 2371 1532 2414 centrali,
1575 2373 1751 2406 nonnullis
1787 2373 1986 2408 lateralium
2020 2375 2195 2410 interdum
2227 2378 2323 2422 poris

121 2442 299 2486 pluribus,
334 2440 525 2474 instructis.
576 2438 765 2480 Latera,
800 2449 866 2472 seu
892 2438 1046 2483 spatium
1071 2438 1161 2472 inter
1186 2450 1356 2473 verrucas
1382 2439 1548 2473 laterales
1575 2443 1610 2473 et
1636 2441 1829 2482 abdomen,
1867 2445 1946 2475 cute
1972 2442 2128 2486 laxiore,
2154 2444 2234 2488 plus
2260 2445 2323 2479 mi-

120 2520 188 2542 nus
213 2519 427 2550 verrucosa,
461 2506 590 2540 vestita
616 2510 708 2540 sunt.
761 2504 916 2540 Gauda
941 2506 1348 2551 subcompressiuscula,
1391 2506 1582 2551 segmentis
1609 2505 1790 2549 25—26,
1831 2519 1980 2553 quorum
2006 2509 2144 2555 singula
2170 2521 2322 2556 superne

121 2575 219 2620 poris
246 2576 384 2609 duobus
410 2575 581 2608 instructa
607 2577 698 2607 sunt.

271 2641 513 2682 LATREILLE,
549 2640 585 2673 in
619 2640 712 2674 Hist.
739 2643 810 2673 nat.
841 2638 975 2672 Salam.
1002 2650 1083 2683 pag.
1103 2638 1170 2681 33,
1212 2639 1304 2672 hanc
1330 2639 1484 2683 speciem
1519 2651 1583 2683 pro
1620 2640 1793 2674 varietate
1821 2640 2150 2677 Salamandrae
2182 2656 2319 2679 macu-

122 2709 249 2742 losae
276 2707 448 2749 habebat,
484 2707 640 2741 SONNIM
669 2710 804 2748 autem,
841 2706 876 2739 in
903 2705 1062 2739 Historia
1087 2706 1242 2739 naturali
1267 2705 1478 2750 Reptilium,
1520 2717 1598 2739 eam
1625 2707 1852 2752 sejungebat,
1887 2720 1984 2751 cum,
2011 2710 2160 2753 pedibus
2187 2711 2320 2755 digitis-

123 2787 191 2820 que
216 2775 332 2808 minus
362 2774 522 2808 carnosis
550 2773 814 2818 depressisque,
849 2773 1042 2806 tuberculis
1068 2773 1188 2817 parvis
1216 2773 1379 2817 oblongis
1413 2773 1590 2817 depressis
1618 2774 1796 2818 occipitis,
1834 2775 1925 2809 collo
1960 2781 2129 2820 angusto,
2170 2788 2322 2812 verruca

121 2842 325 2876 umbilicata
352 2841 571 2886 singularum
597 2844 793 2882 costarum,
822 2851 843 2873 a
859 2840 1095 2873 Salamandra
1120 2840 1303 2873 maculosa
1330 2840 1493 2873 distincta
1509 2840 1564 2874 sit.
1606 2840 1681 2874 Sed
1706 2842 1815 2885 pedes
1841 2842 2018 2876 macilenti
2045 2846 2079 2876 et
2104 2844 2233 2877 collum
2260 2856 2321 2878 an·

120 2913 263 2954 gustum
288 2908 337 2942 nil
362 2908 430 2942 nisi
456 2892 586 2952 corpus
615 2907 727 2941 macie
754 2911 938 2951 aegrotum
965 2907 1121 2940 indicare
1147 2907 1330 2949 videntur3
1365 2906 1483 2950 digitis
1511 2907 1820 2951 depressiusculis,
1858 2909 2085 2954 verrucisque
2112 2911 2323 2945 umbilicatis

120 2979 310 3018 costarum,
338 2975 445 3008 etiam
464 2974 701 3008 Salamandra
724 2975 907 3007 maculosa
922 2974 1072 3018 gaudet,
1099 2973 1182 3018 quid
1209 2973 1277 3006 sint
1304 2973 1488 3006 tubercula
1514 2974 1712 3018 occipitalia
1733 2975 1836 3018 plane
1854 2975 1992 3009 nescio:
2021 2975 2226 3011 Tubercula
2248 2990 2321 3012 cer-

121 3042 228 3084 vicis,
263 3043 354 3076 inter
387 3042 567 3086 parotides
602 3041 691 3083 sita,
731 3052 822 3085 quae
849 3041 991 3086 quidem
1019 3040 1126 3074 etiam
1153 3040 1187 3073 in
1214 3040 1316 3073 icone
1343 3039 1559 3073 IVOLFIANA
1587 3040 1745 3074 exhibita
1780 3045 1877 3083 sunt,
1921 3043 2018 3076 nulla
2044 3048 2162 3078 tamen
2199 3056 2319 3078 eorum

120 3110 297 3143 mentione
330 3110 427 3143 facta
459 3109 495 3142 in
522 3108 757 3152 descriptione
794 3107 1032 3150 WVOLMANA,
1076 3107 1206 3140 nostris
1243 3106 1491 3151 speciminibus
1526 3107 1670 3149 desunt,
1710 3107 1770 3141 uni
1797 3111 1913 3141 tamen
1946 3114 2148 3144 nostrorum
2182 3111 2320 3155 occiput

121 3175 281 3220 utrinque
308 3175 691 3211 subconvexiusculum
717 3178 790 3217 est3
831 3175 972 3218 saepius
998 3185 1084 3207 vero
1113 3174 1218 3207 etiam
1252 3174 1431 3217 parotides
1464 3173 1562 3216 ipsae
1592 3174 1731 3207 nomine
1765 3175 2027 3210 tuberculorum
2054 3178 2177 3222 eapitis
2203 3178 2317 3221 desig-

119 3246 263 3285 nantur,
303 3244 347 3277 de
380 3244 506 3289 quibus
533 3243 678 3276 consule
705 3241 979 3275 ScaNEmEnmi
1006 3251 1086 3285 pag.
1106 3239 1164 3275 55.
1229 3239 1364 3275 Dubito
1391 3244 1526 3281 autem,
1562 3240 1774 3274 Sos-mxima
1811 3241 1880 3276 hoc
1912 3243 1991 3277 loco
2026 3245 2090 3278 sub
2126 3244 2316 3277 tuberculis

118 3309 297 3353 parotides
328 3310 565 3352 intellexisse,
601 3309 728 3354 quippe
759 3318 848 3352 quae
875 3308 909 3340 in
937 3308 1174 3342 Salamandra
1199 3308 1380 3341 maculosa
1412 3318 1551 3351 quoque
1586 3307 1672 3341 satis
1699 3308 1883 3342 distinctae
1920 3315 2011 3344 sunt.

268 3375 391 3409 XVoLF
418 3377 454 3410 in
481 3377 644 3410 STURMH
672 3376 797 3409 Fauna
823 3375 961 3407 iconem
988 3379 1022 3408 et
1042 3375 1313 3419 descriptionem
1340 3374 1444 3416 hujus
1471 3374 1602 3417 speciei
1630 3375 1748 3409 edidit.
1802 3375 1889 3409 Icon
1916 3377 2016 3410 nobis
2031 3376 2208 3420 displicet3
2235 3387 2313 3410 ver-

121 3454 229 3476 rucae
256 3443 350 3476 enim
375 3444 535 3477 dorsales
562 3448 595 3477 et
621 3443 785 3476 laterales
813 3441 953 3474 omnino
980 3441 1164 3485 neglectae
1190 3445 1290 3483 sunt,
1334 3441 1429 3484 poris
1466 3452 1588 3474 eorum
1616 3442 1700 3475 solis
1727 3442 1906 3484 indicatis;
1940 3443 2053 3475 cauda
2078 3443 2181 3476 nimis
2207 3443 2314 3488 longa

123 3513 177 3543 cst
204 3514 238 3543 et
263 3510 365 3554 quasi
391 3510 549 3543 earinata
575 3513 740 3554 apparet3
774 3509 932 3552 occiput,
968 3508 1058 3540 inter
1091 3508 1288 3551 parotides,
1323 3507 1513 3540 tuberculis
1546 3508 1683 3542 duobus
1717 3513 1857 3542 auctum
1892 3513 1954 3542 est.
2007 3508 2051 3542 In
2077 3509 2311 3553 descriptione

119 3580 244 3610 auctor
268 3577 396 3619 refert,
431 3577 686 3621 longitudinem
712 3577 817 3621 hujus
845 3575 1006 3609 animalis
1033 3586 1140 3619 saepe
1176 3575 1197 3609 7
1218 3574 1363 3619 pollices
1390 3575 1583 3617 excedere3
1617 3575 1783 3616 caudam,
1820 3575 1855 3608 in
1889 3575 2011 3620 spiritu
2037 3575 2111 3610 vini
2137 3577 2310 3622 quadran-

184 3642 417 3668 Gn.xvsxnonsr
455 3641 599 3676 Romilia.
1666 3641 1710 3674 19
