2632 3890
1018 569 1500 625 GENUS
1629 568 1734 621 11.

698 754 763 820 R
847 754 903 820 A
986 755 1041 820 N
1126 753 1182 820 A
1308 771 1880 816 LAURENTI
1967 779 2056 813 etc.

1066 1041 1106 1083 1.
1201 1043 1254 1083 R.
1322 1040 1681 1084 FUSCA.

373 1161 574 1209 Tympano
600 1158 759 1195 obsoleto
768 1172 784 1200 ,·
826 1159 927 1194 callo
955 1160 1187 1206 plantarum
1213 1158 1519 1199 semivir-cultu&
1560 1157 1672 1192 clm-⁸⁰
1701 1155 2003 1205 subgramzlalo,
2037 1155 2175 1203 filseo,
2211 1157 2375 1192 cinereo-

1250 1231 1499 1261 marmorala.

868 1360 902 1395 R
912 1372 933 1394 a
941 1372 965 1394 n
974 1372 996 1394 a
1026 1361 1075 1395 fu
1085 1372 1101 1394 s
1111 1373 1130 1394 c
1139 1372 1160 1394 a
1201 1361 1324 1394 W'om·
1361 1361 1410 1403 (in
1443 1360 1608 1394 STURMH
1635 1360 1786 1402 Fauna).

868 1428 900 1462 B
910 1439 932 1461 u
941 1429 960 1462 f
966 1440 986 1461 ο
1023 1429 1042 1462 f
1047 1440 1070 1461 u
1079 1439 1095 1462 s
1105 1440 1123 1461 c
1131 1439 1155 1461 u
1165 1439 1182 1462 s
1225 1431 1409 1461 auctorum
1436 1427 1599 1471 phu-ium.

865 1496 1165 1529 Bombinator
1206 1496 1366 1529 fuscus
1405 1494 1625 1528 Famam.

411 1627 589 1705 Egregie
615 1660 705 1693 hanc
731 1659 885 1703 speciem
912 1659 1025 1703 pinxit
1052 1663 1086 1692 et
1113 1659 1299 1702 descripsit
1326 1658 1579 1691 celeberrimus
1605 1657 1774 1700 ROESEL3
1809 1657 1967 1701 picturae
1995 1657 2072 1700 ejus
2099 1656 2134 1690 in
2158 1656 2320 1690 STURMH
2347 1657 2473 1692 Fauna

262 1729 433 1773 repetitae
459 1729 551 1761 sunt.
610 1723 821 1758 Maculae
861 1724 1040 1764 fuscae,
1091 1727 1163 1756 tam
1190 1723 1432 1767 magnitudine
1467 1735 1571 1767 quam
1597 1735 1764 1764 numer0,
1814 1724 2004 1756 admodum
2030 1723 2187 1764 variant,
2228 1735 2293 1757 nec
2319 1736 2471 1769 semper,

262 1800 300 1830 ut
325 1794 474 1829 ROESEL
501 1792 625 1834 tradit,
662 1791 816 1834 majores
845 1802 967 1824 earum
993 1791 1147 1824 medium
1175 1792 1318 1824 dorsum
1346 1794 1536 1835 occupant,
1573 1791 1635 1823 sed
1664 1791 1839 1823 interdum
1865 1802 1992 1823 versus
2019 1791 2189 1834 posticam
2216 1792 2312 1825 dorsi
2338 1796 2472 1835 partem

260 1866 418 1897 remotae
445 1864 536 1895 sunt.
588 1859 729 1902 Reliqui
757 1869 897 1903 quoque
934 1869 955 1890 a
981 1856 1189 1890 Mmmmno
1223 1858 1358 1890 laudati
1395 1862 1559 1891 auctores
1597 1858 1688 1891 hanc
1714 1858 1869 1901 speciem
1903 1859 1991 1891 bene
2020 1858 2291 1902 descripserunt.
2343 1858 2471 1892 Errant

260 1934 380 1964 autem
405 1928 607 1963 LACEPEDE
636 1929 670 1958 et
703 1925 929 1966 FlT'fflNGER,
973 1925 1032 1969 qui
1059 1923 1231 1958 Ranam
1267 1925 1560 1958 ridibundam
1595 1924 1777 1958 PALLASII
1813 1936 1893 1958 cum
1926 1924 1993 1957 hac
2020 1926 2138 1968 specie
2166 1926 2403 1970 conjungunt3
2437 1931 2470 1960 et

259 1998 417 2043 graviter
440 1994 695 2038 vituperandus
723 1996 776 2026 est
794 1989 963 2033 GMEmN,
992 1992 1049 2036 qui
1077 1992 1215 2025 fuscam
1241 2003 1305 2036 pro
1332 1992 1565 2025 varietate
1591 1992 1831 2025 bombinae
1865 1993 2075 2026 vendiderit.
2116 1993 2235 2026 Bufo
2263 1992 2470 2027 Roeselii

258 2065 442 2099 Dlunmn
471 2065 505 2096 et
531 2061 786 2100 LATnEmLm,
831 2070 935 2103 quem
962 2058 1132 2092 MERREM
1160 2059 1416 2103 interrogative
1444 2060 1488 2091 ad
1516 2059 1606 2092 hanc
1634 2060 1789 2103 speciem
1817 2059 1979 2101 adhibet,
2007 2064 2103 2093 certo
2130 2060 2199 2094 huc
2225 2060 2320 2094 haud
2345 2062 2471 2095 referri

256 2135 384 2177 potest,
421 2132 465 2164 ob
492 2129 628 2173 palmas
655 2126 928 2170 semipalmatas,
964 2126 1143 2169 parotides
1171 2129 1205 2159 et
1232 2127 1424 2170 picturam3
1459 2127 1528 2159 imo
1557 2125 1711 2160 Dmnux
1739 2127 1821 2159 citat
1849 2126 2026 2160 Roussmi
2056 2127 2233 2161 Tabulam
2252 2127 2344 2169 XX,
2379 2140 2469 2172 quae

259 2203 377 2233 autem
402 2208 525 2231 veram
561 2194 732 2228 Ranam
768 2194 978 2226 bufonem
1012 2193 1120 2226 leN.
1149 2204 1213 2226 seu
1249 2193 1474 2226 Bufoncm
1510 2194 1746 2237 vulgarem
1781 2197 1841 2226 aut
1876 2194 2104 2227 cinereum
2139 2198 2321 2227 auctorum
2347 2207 2467 2229 recen-

258 2267 387 2300 tiorum
413 2264 575 2303 exhibet,
610 2271 785 2305 quamque
811 2259 963 2293 DAUDm'
993 2270 1055 2302 pro
1084 2260 1201 2302 specie
1229 2260 1416 2303 peculiari,
1445 2271 1466 2292 a
1492 2260 1634 2293 Bufone
1663 2260 1804 2294 cinereo
1832 2272 1897 2294 suo
1925 2261 2164 2305 discrepante,
2192 2261 2316 2304 habet,
2344 2263 2468 2296 iisdem

258 2338 376 2367 autem
401 2329 623 2375 synonymis,
665 2338 754 2371 quae
781 2325 948 2360 MERREM
976 2326 1021 2359 ad
1047 2326 1227 2359 Bufouem
1261 2327 1440 2359 cinereum
1475 2326 1628 2360 adhibet.

406 2447 450 2481 In
475 2449 597 2480 nostro
631 2456 755 2477 museo
791 2443 955 2488 exposita
990 2445 1089 2487 sunt:

505 2530 535 2564 I.
589 2528 679 2562 Tria
715 2527 957 2560 individua
994 2527 1172 2560 adulta:
1226 2526 1257 2560 1.
1292 2525 1554 2571 Longitudo
1588 2529 1694 2572 paulo
1720 2529 1812 2562 ultra
1839 2529 1861 2563 2
1889 2529 2046 2572 pollices.
2099 2528 2290 2564 Dorsum
2316 2531 2392 2565 fere
2419 2531 2466 2564 le-

556 2596 758 2636 vissimum,
803 2594 962 2627 verrucis
988 2594 1166 2627 nonnullis
1194 2595 1430 2637 subelevatis3
1471 2597 1662 2629 maculis
1698 2597 1808 2629 fuscis
1835 2596 2028 2629 minoribus
2056 2600 2087 2629 et
2115 2598 2274 2640 pluribus
2300 2609 2403 2642 quam
2431 2599 2465 2631 in

555 2663 733 2697 ROESELH
762 2662 873 2694 icone.
945 2659 1096 2704 Captum
1129 2672 1239 2704 prope
1267 2660 1521 2695 Vratislaviam
1550 2684 1597 2688 —
1640 2663 1673 2696 2.
1714 2663 1979 2707 Longitudo
2014 2664 2119 2707 paulo
2146 2665 2239 2697 ultra
2266 2665 2287 2699 2
2308 2666 2463 2708 pollices.

554 2730 748 2764 Dorsum
774 2728 970 2761 verruculis
999 2728 1126 2761 albidis
1153 2732 1275 2767 scatet,
1303 2728 1460 2771 granulis
1488 2729 1711 2772 intersparsis
1738 2731 1933 2763 minoribus
1961 2731 2235 2765 obscurioribus.
2278 2731 2465 2766 Pictura

555 2808 634 2831 cum
662 2797 762 2829 icone
788 2794 965 2829 ROESELH
994 2794 1164 2838 congruit.
1219 2793 1370 2838 Captum
1396 2807 1505 2839 prope
1535 2794 1763 2840 Gottingam,
1798 2797 1833 2829 in
1859 2801 1960 2841 prato
1987 2798 2178 2841 paludoso,
2207 2803 2363 2842 tempore
2390 2811 2462 2832 cre·

554 2864 695 2908 pusculi
736 2862 947 2905 vespertini,
989 2862 1188 2894 subsaliens
1214 2881 1261 2885 —
1312 2860 1439 2895 Rana
1472 2863 1746 2906 vespertina
1778 2862 1960 2897 PALmsn
1996 2864 2192 2898 Mammam
2231 2866 2460 2909 aliorumque,

555 2941 659 2975 quam
684 2929 885 2963 LACEPEDE
921 2939 1000 2962 cum
1027 2927 1070 2961 R.
1106 2929 1407 2971 temporaria,
1450 2929 1575 2963 melius
1603 2933 1719 2963 autem
1746 2930 1954 2964 Frrmxamz
1989 2943 2067 2965 cum
2102 2932 2233 2965 fusca
2269 2932 2461 2974 conjunxit,

555 2997 762 3040 praesertim
789 2996 835 3029 ad
861 2996 951 3028 hanc
977 2995 1171 3028 secundam
1196 2995 1407 3028 varietatem
1433 2997 1600 3040 quadrat..
1644 2997 1699 3029 cui
1727 2998 1889 3031 omnibus
1916 2999 2008 3031 notis
2034 2999 2232 3042 respondet.
2286 2997 2461 3032 Conferas

554 3067 750 3103 caeterum,
788 3062 832 3095 R.
861 3063 1196 3096 subsaltantem
1222 3060 1316 3103 nul,
1355 3066 1389 3095 et
1415 3063 1719 3107 variegatam,
1754 3076 1787 3097 n.
1815 3065 1836 3098 2
1863 3085 1910 3089 —
1945 3065 1978 3098 3.
2006 3064 2267 3108 Longitudo
2298 3064 2459 3109 1÷p011i-

554 3140 644 3162 cum.
696 3127 844 3162 Verru
856 3130 986 3161 culae
1022 3129 1182 3162 dorsales
1218 3129 1373 3162 minores
1400 3133 1481 3162 sunt
1508 3133 1542 3162 et
1568 3131 1754 3173 pauciores
1790 3143 1896 3175 quam
1923 3131 1957 3164 in
1984 3131 2156 3164 varietate
2183 3131 2216 3165 2.
2270 3130 2458 3166 Pictura

553 3207 632 3228 cum
666 3195 725 3227 illa
759 3195 940 3237 congruit3
986 3196 1134 3229 maculis
1170 3196 1279 3228 fuscis
1314 3199 1429 3227 tamen
1464 3207 1529 3229 nee
1565 3208 1677 3241 aeque
1712 3198 1873 3231 distincte
1908 3198 2091 3231 obscurius
2125 3197 2349 3242 marginatis,
2395 3211 2459 3233 nec

553 3262 660 3295 limbo
688 3261 786 3294 tenui
811 3260 967 3293 filiformi
994 3262 1129 3303 albido,
1157 3262 1215 3306 qui
1242 3262 1276 3294 in
1303 3262 1533 3295 varietatibus
1563 3263 1580 3296 1
1611 3268 1643 3296 et
1671 3264 1692 3298 2
1722 3265 2019 3305 distmctissimus,
2047 3275 2112 3296 nec
2138 3275 2209 3297 non
2236 3265 2271 3298 in
2297 3266 2457 3299 iconibus

552 3328 802 3361 ROESELIAMS
838 3327 981 3371 egregie
1009 3328 1186 3362 exhibitus
1223 3332 1294 3370 est,
1335 3328 1569 3363 circumdatis.
1622 3330 1702 3364 Hoc
1729 3332 1948 3365 individuum
1983 3341 2028 3363 ex
2061 3330 2210 3364 Austria
2244 3334 2374 3376 accepi.
2407 3353 2453 3356 —

552 3394 608 3428 De
635 3395 797 3428 omnibus
824 3394 879 3427 his
906 3394 1135 3428 varietatibus
1163 3395 1278 3428 adhuc
1304 3396 1495 3428 notandum
1524 3400 1593 3438 est,
1636 3398 1878 3432 tubercula
1914 3397 2063 3431 dentis
2069 3409 2089 3430 ο
2099 3399 2206 3432 rmia
2235 3399 2270 3432 in
2295 3399 2453 3442 margine

552 3462 668 3495 antico
695 3461 862 3495 maxillae
888 3460 1067 3494 inferioris
1093 3462 1289 3506 perexigua
1315 3473 1404 3495 esse.
