2632 3890
226 138 290 182 24
1144 131 1525 169 BATRAGHIA.

226 250 401 284 femora
442 247 566 279 subtus
600 244 788 278 confertim
821 245 1016 289 granulosa
1050 247 1149 285 sunt3
1205 245 1339 286 caput
1380 242 1505 275 subtus
1539 240 1769 273 subtilissime
1802 240 2052 284 granulosum,
2101 235 2277 280 reliquum
2313 246 2442 279 corpus

226 315 467 349 laevissimum
500 315 564 344 est.
618 310 757 345 Color
790 312 1139 356 pallide-cinereus3
1186 308 1282 342 linea
1314 307 1582 353 longitudinali,
1628 307 1720 339 inter
1745 318 1852 340 nares
1888 311 1984 348 orta,
2027 305 2073 338 ad
2100 314 2208 337 anum
2240 313 2352 346 usque
2382 313 2442 335 ex-

226 385 407 421 currente,
451 390 473 411 a
498 379 616 412 medio
644 379 743 412 dorsi
769 382 888 412 autem
915 378 1048 411 sensim
1075 376 1256 418 tenuiore,
1298 377 1392 420 plica
1418 375 1563 416 lineari,
1608 385 1629 407 a
1656 384 1787 417 supero
1814 374 1974 417 margine
2008 371 2166 416 tympani
2202 370 2247 403 ad
2275 369 2445 413 angulum
2486 414 2490 419 Ι

225 450 398 493 posticum
423 446 651 481 maxillarum
677 447 801 488 ducta,
844 446 955 478 latere
983 444 1152 477 inferiore
1178 444 1310 488 pedum
1336 444 1534 477 anticormn
1561 446 1596 475 et
1622 441 1789 474 tibiarum
1814 440 2031 483 posticarum
2056 440 2345 484 plantarumque,
2379 446 2446 469 nec

225 526 295 548 non
322 513 449 547 atomis
477 513 629 558 sparsis,
664 513 797 557 passim
824 512 859 544 in
884 512 999 544 lineas
1026 512 1286 544 transversales
1314 511 1495 544 obsoletas
1522 508 1722 553 dispositis,
1750 508 1786 540 in
1813 518 1945 550 supera
1969 508 2147 541 femorum
2172 508 2291 550 parte,
2326 503 2446 547 nigro-

225 582 387 615 cinereis.
442 579 552 614 Color
579 580 764 614 obscurior
791 581 932 611 artuum
957 578 1054 612 haud
1089 579 1220 612 sensim
1254 579 1289 611 in
1315 578 1539 622 pallidiorem
1566 576 1728 616 diluitur,
1770 574 1835 607 sed
1861 574 1972 607 limite
1999 574 2164 607 distincto
2192 572 2356 605 definitus
2382 572 2448 612 est,

226 649 260 682 in
287 650 400 682 latere
428 653 575 682 externo
602 648 733 691 pedum
760 646 957 679 anticorum
985 649 1018 679 et
1055 646 1221 679 tibiarum
1247 646 1464 689 posticarum
1492 648 1610 677 autem
1637 644 1731 675 linea
1757 641 2053 675 sordide-albida
2080 639 2346 674 determinatus.

377 715 479 749 Haec
506 715 643 759 species
678 714 755 747 sine
790 713 897 746 dubio
926 716 980 746 est
1021 713 1138 756 Hyla
1173 713 1307 746 faber
1341 711 1518 755 Principis
1553 711 1597 743 de
1625 710 1742 743 W'OED
1779 707 2057 751 (Abbild.VII,
2100 705 2232 749 tab.4;
2278 705 2391 738 Beitr.
2417 703 2449 746 I,

228 794 260 827 p.
281 781 370 825 519,
412 794 445 816 n.
472 782 525 824 1).
579 780 712 814 Nostro
746 780 930 813 individuo
959 784 1078 813 autem
1113 784 1218 824 caput
1253 784 1306 813 est
1332 780 1457 821 latius,
1503 777 1675 822 imprimis
1703 776 1824 821 anguli
1850 776 1977 820 postici
2003 774 2230 808 maxillarum
2256 771 2452 806 lateraliter

227 850 340 893 magis
366 850 626 893 prominentes,
669 849 733 881 sub
762 852 927 892 tympano
955 848 1031 889 siti,
1073 848 1227 891 spatium
1253 848 1345 881 inter
1372 847 1514 881 oculum
1542 849 1575 879 et
1602 844 1800 888 marginem
1827 830 2033 877 inferiorem
2059 841 2229 875 maxillae
2256 838 2451 884 superioris

229 916 432 960 angustius,
466 916 622 949 lineolae
650 916 910 949 transversales
938 915 973 948 in
1001 915 1108 948 dorso
1136 916 1241 959 plane
1268 915 1406 957 nullae,
1441 915 1477 948 in
1503 913 1655 959 pedibus
1682 911 1827 956 postIcis
1855 910 2150 944 obsoletissimae.

955 1325 999 1368 3.
1084 1326 1136 1366 Η.
1197 1323 1731 1368 VENULOSA.

236 1454 385 1488 l’lanlis
411 1454 705 1501 semipahnulis,
742 1450 941 1487 abdomine
958 1449 1250 1500 femoribusque
1276 1449 1409 1486 eubtus
1433 1451 1678 1498 granulosae'S,
1714 1447 1828 1483 ‹lm-so
1856 1447 2114 1482 terrm-alosa.
2171 1443 2344 1487 Pallida,
2372 1442 2460 1490 fars·-

967 1520 1037 1553 (11'1'3
1062 1518 1170 1553 dorsi
1201 1524 1241 1553 et
1259 1518 1403 1566 pedum
1438 1515 1730 1552 obscurioribus.

844 1655 962 1699 Hyla
1003 1655 1232 1688 venulosa
1266 1654 1389 1688 LATR.
1424 1653 1552 1688 ΒΑΜ).

845 1721 1074 1756 Calamita
1116 1723 1261 1756 boans
1298 1721 1415 1756 scum.
1451 1720 1578 1755 Mmm.

390 1876 508 1918 liujus
534 1874 667 1919 speciei
693 1874 879 1907 individua
905 1874 974 1907 tria
1006 1885 1128 1908 coram
1154 1872 1290 1915 habeo,
1339 1872 1446 1917 paulo
1474 1872 1676 1905 accuratius
1704 1869 1957 1904 describenda:

390 2011 423 2044 1.
477 2009 739 2054 Longitudo
774 2008 796 2042 3
819 2009 998 2053 pollicum.
1052 2006 1193 2041 Color
1224 2007 1370 2041 sordide
1397 2006 1773 2049 ochraceo-albidus;
1814 2015 1924 2049 supra
1949 2002 2097 2049 picturis
2123 2001 2466 2048 pallide-castaneis

238 2078 482 2119 marmoratis,
516 2088 627 2122 quae,
670 2076 706 2109 in
732 2079 834 2120 parte
860 2086 1017 2120 superna
1042 2076 1226 2116 ulnarum,
1254 2075 1452 2116 femorum,
1487 2074 1653 2107 tibiarum
1682 2076 1716 2106 et
1742 2076 1921 2106 tarsorum
1947 2072 2184 2116 posticorum,
2218 2069 2352 2104 fascias
2379 2070 2468 2102 duas

238 2147 454 2191 irregulares
489 2145 669 2179 exhibent.
737 2142 898 2178 Dorsum
931 2143 1146 2177 verrucis
1181 2142 1334 2186 sparsis,
1376 2142 1493 2175 latera
1527 2141 1802 2174 confertior-ibus
1837 2139 1975 2174 consita
2001 2143 2093 2172 sunt.
2161 2137 2314 2178 Pectus,
2358 2136 2466 2170 abdo·

238 2226 338 2256 men,
382 2225 448 2247 nec
475 2224 547 2245 non
572 2211 800 2244 maxillarum
833 2211 1043 2244 inferiorum
1068 2210 1316 2253 seniorumque
1349 2220 1433 2253 pars
1460 2209 1595 2250 infera,
1640 2207 1840 2241 verruculis
1877 2206 2047 2241 confertis
2074 2208 2223 2239 scatent.
2276 2202 2467 2246 Collum,

239 2283 364 2315 subtus
390 2280 618 2324 rugulosum,
645 2277 844 2311 verruculis
871 2281 980 2310 caret.
1033 2277 1094 2310 Ad
1121 2276 1234 2309 latera
1261 2276 1404 2319 capitis,
1432 2286 1525 2319 pone
1552 2275 1722 2319 angulum
1748 2275 1878 2316 rictus,
1906 2273 2030 2307 vesica
2056 2272 2205 2316 pendet,
2233 2271 2335 2316 plicis
2355 2269 2468 2304 5—ss

241 2349 416 2392 collapsa,
454 2357 559 2391 quam
585 2357 650 2390 per
676 2345 856 2385 canalem,
895 2344 930 2376 in
958 2355 1020 2377 ore
1046 2355 1157 2388 prope
1184 2344 1228 2377 ab
1256 2343 1388 2387 angulo
1415 2343 1525 2375 rictus
1554 2341 1729 2383 hiantem,
1758 2342 1803 2374 ad
1830 2340 2111 2385 magnitudinem
2137 2339 2252 2373 cerasi
2280 2338 2470 2372 mediocris

244 2416 367 2448 inflare
403 2425 558 2458 possum.
627 2410 833 2446 Notandum
866 2422 954 2444 vero
982 2415 1055 2452 est,
1103 2422 1161 2444 me
1187 2410 1346 2443 vesicam
1373 2411 1536 2443 dextram
1562 2409 1660 2441 nullo
1697 2409 1804 2441 modo
1838 2419 1903 2452 per
1928 2419 2032 2441 suum
2059 2407 2221 2441 canalem
2257 2406 2382 2439 inssare
2408 2416 2469 2449 po-

243 2483 373 2523 tuisse,
409 2482 492 2522 sed,
528 2480 666 2524 quoties
693 2479 855 2512 canalem
881 2478 1062 2512 sinistrum
1089 2478 1275 2519 inflabam,
1303 2489 1375 2511 non
1401 2477 1516 2511 solum
1544 2476 1704 2510 vesicam
1730 2476 1929 2518 sinistram,
1963 2475 2029 2509 sed
2056 2474 2163 2508 etiam
2189 2474 2371 2514 dextram,
2400 2476 2470 2506 tur-

245 2550 420 2594 gescis-se,
471 2548 622 2591 indeque
656 2547 800 2580 canales
834 2546 1016 2590 utriusque
1051 2545 1173 2579 lateris
1208 2544 1300 2579 inter
1334 2556 1374 2578 se
1408 2544 1682 2578 conununicare.
1759 2542 1914 2577 Vesicae
1948 2542 2116 2587 singulae
2149 2541 2299 2575 maculis
2333 2540 2473 2574 duabus

247 2617 384 2661 magnis
411 2615 580 2649 brunneis
607 2617 756 2647 ornatae.
782 2618 875 2647 sunt.

397 2750 432 2784 2.
485 2748 755 2794 Longitudo
797 2748 846 2791 2}
871 2747 1049 2792 pollicum.
1111 2744 1250 2780 Color
1282 2745 1374 2779 sicut
1400 2745 1437 2778 in
1470 2746 1644 2779 varietate
1673 2745 1714 2788 13
1763 2744 1827 2778 sed
1854 2745 1898 2777 de
1926 2743 2072 2788 picturis
2107 2743 2179 2777 illic
2206 2742 2391 2787 descriptis
2417 2741 2474 2775 hic

250 2829 318 2850 non
346 2818 413 2850 nisi
439 2817 593 2861 vestigia
619 2816 725 2850 valde
752 2815 914 2849 obsoleta
940 2818 1142 2858 supersunt.
1195 2812 1430 2847 verrucae
1466 2812 1559 2846 sicut
1584 2813 1620 2845 in
1647 2812 1821 2846 varietate
1847 2812 1888 2853 1,
1930 2812 1994 2845 sed
2021 2811 2128 2856 paulo
2155 2811 2330 2851 minores,
2373 2819 2474 2853 prae-

249 2885 371 2917 sertim
398 2885 433 2917 in
460 2889 560 2927 parte
585 2884 703 2918 infera
729 2883 905 2916 femorum
932 2882 1093 2926 vestigiis
1121 2892 1245 2914 earum
1270 2881 1349 2914 fere
1377 2879 1519 2913 omnino
1548 2879 1757 2913 obliteratis.
1810 2878 2012 2913 Vesicae
2047 2878 2172 2922 capitis
2199 2887 2390 2920 earumque
2417 2887 2475 2909 ca-

250 2952 349 2984 nales
377 2951 515 2984 desunt.
543 2971 589 2975 —-
642 2950 731 2984 Sine
759 2950 866 2983 dubio
893 2949 962 2983 hoc
989 2949 1212 2982 individuum
1238 2948 1373 2982 femina
1400 2952 1454 2982 est
1481 2947 1744 2989 antecedentis3
1778 2958 1843 2979 nec
1870 2957 1958 2980 vero
1986 2957 2076 2980 anus
2103 2957 2169 2979 nec
2196 2945 2288 2977 aliae
2315 2942 2475 2987 eorporis

254 3023 371 3062 partes
399 3022 570 3051 externae
597 3017 832 3050 differentiam
860 3017 1014 3061 aliquam
1041 3016 1221 3050 exhibent.

404 3151 438 3185 3.
491 3150 754 3195 Longitudo
798 3150 844 3191 lg-
869 3150 1046 3193 pollicum.
1108 3148 1247 3184 Color
1280 3149 1406 3182 subtus
1432 3148 1577 3181 sordide
1605 3148 1956 3190 brunneo-albidus3
1998 3156 2106 3190 supra
2140 3145 2476 3185 (lilute-brunneus,

252 3220 397 3263 picturis
423 3217 647 3252 marmoratis
674 3217 1045 3257 obscuro-brunneis‚
1073 3228 1163 3261 quae
1191 3228 1212 3250 a
1228 3216 1367 3249 cervice
1394 3226 1505 3259 usque
1522 3215 1568 3248 ad
1595 3216 1749 3248 medium
1777 3216 1875 3249 dorsi
1893 3215 2016 3248 vittam
2043 3213 2150 3245 latam
2175 3212 2478 3256 subirregularem

254 3287 438 3328 exhibent,
487 3290 560 3319 tum
585 3285 674 3318 vitta
699 3283 859 3324 finditur,
900 3294 1001 3317 ramo
1029 3284 1169 3328 singulo
1197 3284 1242 3317 ad
1275 3286 1462 3326 utrumque
1495 3282 1588 3315 latus
1617 3283 1758 3327 oblique
1792 3284 2011 3316 decurrente.
2078 3278 2181 3313 Pone
2209 3279 2332 3312 oculos
2367 3278 2478 3311 oritur

254 3354 393 3386 macula
419 3353 780 3392 obscuro-brunnea,
808 3362 871 3394 per
888 3354 1092 3394 tympanum
1119 3351 1154 3384 in
1172 3354 1206 3384 et
1232 3350 1327 3383 infra
1345 3348 1528 3382 brachium
1550 3361 1754 3383 excurrens.
1807 3349 1966 3383 Eaedem
1992 3346 2149 3390 picturae
2167 3346 2273 3379 etiam
2300 3346 2335 3378 in
2362 3344 2476 3378 varie-

255 3423 326 3452 tate
357 3420 373 3452 1
417 3420 698 3463 conspiciuntur,
747 3418 808 3451 ubi
841 3420 961 3451 autem
994 3417 1109 3451 minus
1146 3417 1333 3451 distinctae
1366 3419 1458 3449 sunt.
1537 3416 1687 3450 Fasciae
1724 3417 1854 3460 pedum
1890 3415 1981 3447 sicut
2008 3413 2042 3446 in
2076 3413 2251 3446 varietate
2280 3412 2312 3446 1.
2372 3410 2475 3444 Ver-

257 3497 393 3519 rucae
442 3487 601 3520 ‹lm-sales
635 3486 848 3531 deplanatae
891 3484 1048 3528 speciem
1090 3486 1262 3531 praebent
1295 3487 1474 3528 guttarum
1515 3484 1760 3527 pallidior-um,
1819 3481 1952 3515 annulo
1988 3480 2195 3514 obscuriore
2237 3479 2473 3512 limbatarum.
