2534 3890
1092 202 1136 237 V.
1178 202 1341 238 RUFO.
2260 208 2315 249 61

120 316 337 350 musicum
364 317 470 350 dorso
496 312 702 358 biangulato
730 322 752 344 a
777 311 921 356 reliquis
948 312 1178 356 cospeciebus
1197 313 1365 346 distinxit.
1418 311 1525 357 Fugit
1550 323 1626 354 me,
1663 314 1756 347 unde
1783 313 1949 347 Manum
1977 315 2067 348 hauc
2094 319 2213 348 notam
2240 315 2323 349 hau-

121 384 225 425 serit,
266 384 383 417 nullus
410 383 503 416 enim
528 381 745 424 reliquorum
771 384 956 412 auctorum
983 379 1105 412 talium
1131 380 1341 423 angulorum
1368 380 1581 413 mentionem
1607 379 1702 413 fecit.

269 450 496 484 Individuum
528 447 723 481 maximum
758 447 943 480 obscurius
971 446 1235 479 immaculatum
1262 446 1367 489 hujus
1402 447 1534 491 speciei
1559 446 1703 480 Bescke
1739 447 1831 480 misit
1865 449 1931 481 sub
1967 449 2108 482 nomine
2134 448 2327 483 Bufonis

122 517 293 560 scabri;
327 520 361 550 et
387 514 546 549 confiteri
571 525 627 547 me
655 517 813 557 oportet,
847 514 1071 547 Rusonem
1097 513 1305 546 scabrum
1332 513 1454 546 SPlxll
1484 515 1568 557 (tab.
1589 513 1683 555 XX,
1711 513 1769 558 fig.
1790 513 1838 555 1.)
1865 525 1974 558 prope
2001 517 2044 549 ad
2069 520 2228 550 nostrum
2254 528 2328 550 mu-

121 584 233 618 sicum
260 583 448 624 accedere,
490 593 556 615 nec
582 581 650 614 nisi
677 581 795 625 digitis
829 580 1029 624 plantarum
1054 580 1160 623 paulo
1195 579 1414 623 longioribus
1450 584 1484 613 et
1520 581 1784 625 gracilioribus,
1819 581 2012 625 subtusque
2040 583 2229 625 echinatis,
2265 595 2330 617 nec

121 662 192 685 non
219 651 360 684 defectu
386 649 492 683 seriei
517 649 673 682 lateralis
701 658 931 681 verrucarum
958 647 1151 680 discedere.
1211 647 1349 680 Forsan
1376 657 1547 680 verrucae
1575 652 1608 681 et
1635 648 1786 692 granula
1811 648 1846 680 in
1872 648 1989 681 infera
2014 649 2213 692 plantarum
2238 651 2331 684 facie

121 718 227 762 paulo
254 717 430 750 acutiores
458 720 558 749 erant
584 727 689 760 quam
716 715 750 748 iu
776 715 907 748 nostris
941 713 1155 757 individuis3
1190 714 1301 747 series
1327 714 1484 747 lateralis
1511 726 1740 748 verrucarum
1767 718 1886 748 autem
1911 715 2042 748 nostris
2072 726 2211 760 quoque
2238 717 2332 750 haud

122 785 285 818 omnibus
313 795 424 828 aeque
451 783 616 816 distincta
641 786 714 825 est,
749 782 786 815 in
813 782 915 815 icone
942 781 1136 825 Spixiana,
1173 781 1252 814 loco
1280 781 1384 823 hujus
1412 780 1537 821 seriei,
1578 781 1670 824 plica
1697 783 1918 825 conspicitur.
1972 781 2082 816 Color
2109 786 2143 815 et
2176 783 2333 826 picturae

123 856 196 885 tam
223 862 347 895 parum
374 851 577 892 discedunt,
612 853 651 883 ut
678 860 800 882 earum
826 849 922 882 haud
947 849 1038 882 ratio
1066 848 1191 880 haberi
1218 849 1346 881 debeat
1372 869 1419 872 —
1457 846 1598 881 Caveas
1626 852 1760 889 autem,
1788 860 1832 881 110
1865 849 2091 882 Rusonem
2127 851 2335 884 scabrum

123 918 341 963 reliquorum
367 921 570 958 auctorum,
605 917 650 949 de
677 926 746 960 quo
774 919 935 948 nostrum
961 915 1359 956 melanostictum,
1395 926 1428 948 11.
1450 913 1490 954 5,
1536 915 1698 947 conferre
1725 916 1833 956 velis,
1871 927 1951 949 cum
1977 916 2045 950 hac
2071 920 2192 950 nostra
2218 917 2336 961 specie

124 985 322 1019 confundas
348 1004 395 1008 —
423 983 497 1017 Sed
523 983 641 1016 Bufo
669 982 879 1015 albicans
906 982 1030 1015 Srlxu
1058 982 1129 1014 tab.
1147 981 1279 1014 XVIII
1316 982 1373 1026 fig.
1391 982 1412 1016 2
1448 982 1670 1014 individuum
1704 982 1818 1014 minus
1844 983 1955 1015 nostri
1982 983 2107 1016 musici
2134 995 2213 1017 esse
2239 984 2336 1017 vide.-

126 1056 193 1085 tur.
247 1050 445 1094 Dispositio
481 1059 713 1082 verrucarum
737 1048 834 1081 dorsi
861 1052 895 1082 et
921 1049 1090 1090 laterum,
1127 1048 1313 1092 formaque
1348 1049 1538 1092 parotidis,
1580 1049 1710 1081 nostris
1736 1049 1926 1082 individuis
1952 1051 2187 1093 respondent,
2228 1051 2336 1094 pictu-

124 1129 186 1152 rae
212 1129 350 1162 quoque
377 1117 473 1150 haud
499 1117 648 1149 multum
675 1115 852 1149 differunt.
905 1115 1045 1149 Auctor
1071 1115 1156 1148 dicit
1182 1116 1340 1159 quidem,
1368 1116 1507 1159 plantas
1535 1116 1719 1149 albicantis
1746 1116 2009 1159 semipalmatas
2037 1128 2135 1160 esse3
2168 1119 2231 1151 sed
2259 1118 2337 1151 icon

126 1185 255 1230 digitos
281 1185 437 1229 posticos
464 1184 541 1217 sola
566 1183 646 1218 basi
679 1194 817 1218 summa
843 1183 1036 1227 palmatos,
1074 1183 1370 1227 quemadmodum
1397 1183 1433 1216 in
1466 1182 1598 1216 nostris
1632 1183 1844 1224 individuis,
1887 1183 2042 1216 exhibet.

830 1488 876 1531 9.
973 1487 1640 1531 B.0RNATUS.

127 1607 459 1650 Sabuerrueoms,
489 1605 670 1655 parotide
697 1606 817 1649 (mali,
853 1605 981 1653 eapite
1006 1602 1322 1653 eubmargiomto,
1352 1605 1501 1652 planti-s·
1528 1603 1612 1640 base?
1635 1604 1845 1653 digitorum
1866 1605 2075 1653 fistulatim
2108 1617 2232 1653 supra
2255 1603 2343 1652 fies-

644 1687 731 1717 eus,
773 1674 871 1708 villa
902 1672 1068 1715 dol-sali,
1101 1671 1315 1721 ficsciaquc
1348 1671 1458 1719 ‘ilgfiuz
1492 1673 1638 1715 oeulos,
1680 1670 1828 1708 albidis.

276 1793 313 1827 A
339 1792 459 1837 specie
485 1792 717 1826 antecedente
742 1791 834 1826 haec
858 1791 977 1826 differt
1003 1802 1153 1836 corpore
1179 1790 1295 1824 minus
1329 1801 1543 1833 verrucoso,
1579 1791 1694 1835 capite
1728 1791 1834 1835 paulo
1869 1790 2045 1833 acutiore,
2089 1790 2208 1836 digitis
2235 1790 2347 1824 tribus

127 1860 275 1895 internis
300 1860 500 1905 plantarum
531 1859 766 1904 longioribus.

276 1926 483 1972 Longitudo
511 1927 671 1971 corporis
698 1926 721 1960 3
741 1926 888 1970 pollices
915 1929 1063 1970 aequat,
1097 1925 1228 1969 pedum
1254 1924 1472 1968 posticorum
1497 1923 1521 1958 ll·
1541 1924 1687 1968 pollices
1715 1929 1750 1958 et
1775 1924 1797 1959 2
1813 1925 1937 1958 lineas.
1991 1923 2138 1969 caput
2174 1925 2348 1958 subtrian-

128 1995 273 2040 gulare3
308 2006 460 2039 superne
487 1994 724 2039 marginatum
750 1994 850 2027 utin
876 1993 1034 2035 musico,
1078 1992 1220 2037 papillis
1253 1991 1398 2025 minutis
1433 1991 1692 2035 disseminatis3
1731 1992 1903 2025 lateribus
1937 1995 2020 2024 ante
2047 1992 2189 2033 oculos,
2231 1992 2350 2035 palpe-

128 2063 272 2107 brisque
298 2062 554 2106 superioribus,
583 2060 782 2094 verruculis
800 2060 908 2104 paulo
934 2060 1131 2103 majoribus
1159 2062 1194 2092 01
1216 2058 1489 2092 confertioribus
1518 2059 1651 2092 obsitis.
1705 2057 1764 2093 Os
1792 2059 2013 2101 edentatum3
2042 2058 2203 2102 margine
2226 2058 2351 2091 maxil-

130 2130 186 2162 lae
213 2130 408 2174 superioris
436 2134 555 2163 autem
582 2128 810 2162 subtilissime
837 2127 1038 2168 crenulato,
1084 2126 1199 2159 antice
1225 2137 1312 2158 vero
1339 2125 1494 2158 incisura
1528 2126 1760 2169 profundiore
1794 2125 1888 2159 fisso.
1947 2125 2124 2169 Lingua
2159 2125 2351 2166 levissima,

130 2197 267 2241 apicem
293 2197 446 2230 liberum
470 2207 597 2229 versus
624 2195 757 2229 sensim
783 2194 889 2227 latior
915 2197 950 2227 01
976 2193 1149 2229 crassior.
1191 2193 1292 2236 apice
1319 2192 1395 2236 ipso
1422 2193 1623 2226 rotundata.
1684 2191 1877 2225 Dorsum
1911 2193 2228 2234 subverrucosum,
2272 2203 2350 2225 ver-

131 2264 226 2297 rucis
253 2265 444 2297 admodum
472 2263 689 2308 deplanatis,
727 2261 1021 2306 subaequalibus,
1059 2259 1302 2304 magnitudine
1335 2259 1516 2293 mediocri.
1579 2257 1844 2301 Parotides,
1889 2263 1928 2292 ut
1965 2259 2000 2292 in
2025 2259 2168 2292 Bufone
2202 2259 2349 2300 musice,

131 2331 341 2375 petiolatae,
378 2331 729 2375 elongato—ovatae,
764 2329 949 2362 latitudine.
976 2328 1082 2371 duplo
1111 2327 1304 2371 longiores.
1358 2326 1416 2359 Ab
1445 2337 1567 2359 earum
1594 2326 1694 2369 apice
1720 2326 1856 2369 postico
1885 2326 1996 2359 series
2022 2337 2253 2359 verrucarum
2279 2337 2352 2359 ma-

127 2399 248 2441 jorum
277 2398 540 2443 contiguarum,
575 2409 640 2442 per
666 2397 780 2430 latera
806 2396 938 2437 trunci,
976 2396 1022 2428 ad
1047 2395 1150 2427 basin
1175 2395 1353 2428 femorum
1380 2404 1491 2437 usque
1519 2397 1617 2426 100111
1644 2394 1810 2427 excurrit.
1864 2391 2011 2426 Pedes
2044 2404 2195 2436 superne
2228 2404 2351 2426 verru-

131 2466 182 2499 cis
209 2466 329 2509 parvis
356 2465 650 2509 subaequalibus,
691 2463 754 2497 vix
780 2463 886 2507 paulo
922 2462 1176 2495 elevatioribus
1213 2472 1318 2505 quam
1353 2461 1533 2501 dol-sales,
1575 2461 1692 2493 scabri
1724 2464 1815 2493 sunt.
1876 2460 2045 2493 Subtus
2074 2471 2201 2503 corpus
2228 2463 2351 2500 totum,

133 2544 213 2566 cum
240 2533 355 2576 capite
383 2533 613 2576 etpedibus,
648 2531 808 2564 verrucis
842 2530 986 2562 minutis
1014 2529 1183 2562 confertis
1217 2529 1447 2572 granulosum
1484 2531 1554 2569 est,
1597 2527 1705 2560 soleis
1740 2530 1857 2560 tamen
1891 2526 1988 2560 haud
2022 2527 2242 2571 granulosis,
2278 2527 2353 2567 sed,

133 2611 197 2643 pro
232 2611 350 2641 more,
395 2600 554 2633 verrucis
589 2598 784 2641 majoribus
825 2596 1176 2630 tuberculiformibus
1211 2595 1334 2628 obsitis
1371 2615 1418 2620 —
1472 2592 1612 2627 Color
1648 2594 1771 2637 capitis
1809 2598 1844 2626 et
1878 2594 1991 2627 trunci
2025 2605 2177 2637 superne
2212 2594 2352 2633 fuscus3

134 2667 223 2699 vitta
247 2666 495 2710 longitudinali
523 2666 655 2698 dorsali
683 2664 911 2704 albo-flava,
954 2663 1139 2695 latitudine
1174 2661 1313 2694 circiter
1346 2660 1452 2693 unius
1487 2660 1620 2701 11110110,
1658 2661 1812 2703 paulove
1846 2661 1991 2702 latiore,
2033 2662 2067 2693 in
2096 2660 2234 2693 cervice
2262 2663 2350 2700 orta,

135 2734 182 2767 ad
209 2745 248 2766 os
276 2734 439 2777 coccyg'is
466 2744 577 2777 usque
604 2732 774 2773 deducta,
802 2730 965 2774 utrinque
993 2729 1113 2762 colore
1140 2728 1262 2772 nigro,
1297 2727 1356 2772 qui
1393 2727 1524 2760 sensim
1551 2727 1586 2759 in
1612 2728 1751 2760 fuscum
1779 2728 1877 2760 dorsi
1903 2728 2064 2769 diluitur,
2106 2727 2267 2759 distincte
2294 2726 2353 2758 de-

134 2800 242 2834 finita.
296 2799 369 2833 Per
395 2804 506 2833 totam
532 2799 786 2844 longitudinem
814 2798 920 2840 hujus
956 2797 1066 2830 vittae
1099 2796 1194 2829 linea
1226 2795 1344 2828 media
1371 2795 1534 2838 pallidior
1561 2794 1770 2835 tenerrima,
1806 2794 1917 2827 instar
1942 2794 2009 2835 fili,
2054 2793 2227 2833 excurrit,
2263 2803 2353 2836 quae

137 2868 271 2909 11111100,
306 2867 439 2900 sensim
466 2877 704 2908 evanescens,
747 2866 824 2899 fere
862 2865 907 2898 ad
942 2864 1078 2908 apicem
1112 2863 1236 2906 capitis
1270 2873 1383 2906 usque
1425 2861 1659 2894 continuatur.
1726 2860 1840 2895 Juxta
1873 2862 1996 2894 vittam
2029 2860 2161 2903 passim
2194 2859 2354 2892 maculae

137 2934 352 2978 irregulares
385 2934 642 2978 fusco-nigrae
677 2932 960 2976 conspiciuntur,
1004 2930 1176 2974 plurimae
1213 2940 1283 2962 uno
1318 2929 1428 2961 latere
1463 2928 1557 2960 linea
1592 2928 1778 2971 pallidiore
1813 2927 1989 2960 definitae.
2057 2925 2208 2970 Occiput
2240 2926 2355 2959 fascia

137 3005 285 3035 arcuata
311 3001 536 3042 obscuriore,
579 3001 670 3033 inter
697 3000 819 3033 oculos
856 3009 1033 3042 expansa,
1069 3001 1226 3030 ornatur.
1286 2994 1415 3039 Margo
1451 2995 1607 3027 exterior
1640 2995 1839 3038 parotidum
1872 2994 1974 3038 niger
2000 2996 2063 3026 est.
2123 2994 2159 3027 A
2187 2994 2355 3037 palpebra

137 3069 307 3102 inferiore
332 3069 447 3103 fascia
473 3068 592 3101 albida
618 3067 874 3107 subundulata,
919 3064 1101 3098 latitudine
1136 3063 1276 3096 circiter
1305 3062 1350 3102 1÷
1375 3062 1567 3102 linearum,
1611 3061 1750 3104 oblique
1785 3072 1910 3094 versus
1944 3061 2140 3104 marginem
2173 3060 2355 3093 lateralem

139 3135 308 3169 maxillae
334 3135 558 3177 retrocurrit,
594 3133 754 3178 margine
780 3133 949 3167 maxillae
977 3132 1054 3175 ipso
1081 3131 1224 3174 pallido.
1270 3129 1496 3173 Tympanum
1516 3127 1714 3160 orbiculare
1741 3127 1775 3160 in
1803 3128 1943 3161 macula
1966 3138 2097 3172 magna
2123 3127 2355 3171 nigro-fusca

140 3201 247 3235 situm
273 3206 336 3236 est.
388 3202 573 3237 Verrucae
600 3200 772 3245 plurimae
799 3203 928 3243 puncto
962 3198 1108 3232 centrali
1141 3198 1221 3231 rufo
1259 3200 1401 3229 notatae
1435 3198 1525 3228 sunt.
1586 3193 1655 3227 Ubi
1691 3195 1879 3238 epidermis
1913 3196 2015 3228 fusca
2049 3194 2216 3235 secessit,
2258 3192 2355 3225 color

142 3268 468 3311 pallide-cinereus
496 3273 569 3311 est,
605 3268 765 3301 verrucis
791 3266 1042 3300 unicoloribus.
1095 3263 1214 3298 Pedes
1242 3264 1336 3296 infra
1369 3261 1622 3303 ssavo-albidi,
1658 3272 1767 3305 supra
1799 3261 2086 3302 cinereo-fusci,
2120 3259 2241 3294 fasciis
2268 3259 2353 3291 dua-

142 3336 209 3368 bus
235 3335 518 3379 nigTo-cinereis
544 3336 708 3369 ulnarum
741 3334 918 3368 femorum
951 3333 1116 3366 tibiarum
1150 3335 1185 3364 et
1221 3334 1415 3369 tarsorum,
1458 3329 1678 3372 maculisque
1712 3329 1845 3372 sparsis
1879 3329 2038 3371 ejusdem
2074 3326 2202 3360 coloris
2229 3336 2354 3358 versus

143 3402 236 3435 latus
263 3402 410 3436 inferius
436 3404 612 3436 femorum
641 3406 676 3435 01
702 3401 886 3442 1111111111111;
921 3400 1028 3432 501015
1055 3397 1349 3442 nigro-cinereis.
1413 3393 1529 3438 Caput
1555 3396 1679 3429 subtus
1705 3396 1969 3436 flavo-album,
2003 3393 2149 3427 maculis
2175 3392 2354 3425 nonnullis

144 3469 265 3513 parvis
293 3469 442 3502 cinereis
469 3481 595 3503 versus
621 3469 789 3502 maxillae
815 3466 1029 3510 marginem,
1064 3465 1133 3499 hoc
1158 3466 1235 3509 ipso
1271 3463 1517 3508 nigro-susco-
1579 3460 1712 3496 Pectus
1746 3466 1780 3495 et
1806 3463 1981 3495 abdomen
2013 3460 2239 3501 flavo-alba,
2281 3470 2352 3492 ma-

145 3536 233 3569 culis
259 3536 378 3580 parvis
405 3536 659 3580 nigricantibus
694 3540 729 3570 et
762 3533 913 3569 cinereis
947 3533 1129 3576 adspersa.

216 3601 452 3628 Gnsznnonsr
476 3600 622 3635 Romilia.
1705 3594 1750 3628 16
