2534 3890
1067 215 1114 249 x.
1167 213 1385 251 MoLGE.
2265 223 2327 266 83

133 321 211 364 plus
238 321 353 356 minus
390 333 681 356 verrucosum
717 327 789 364 est,
834 323 1009 358 interdum
1045 325 1121 358 fere
1159 325 1303 358 omnino
1333 326 1432 367 leve,
1480 326 1655 359 interdum
1689 332 1805 360 autem
1840 330 2036 363 veri-aculis
2069 331 2336 366 confertissimis

133 398 318 433 asperum3
344 390 484 435 nigrum
510 393 570 423 aut
595 390 721 424 fusco·
747 391 806 424 vel
833 391 1163 436 cinereo-nigrum,
1191 393 1368 427 nonnullis
1404 393 1565 427 obsolete
1602 393 2045 440 cinereo-marmoratum3
2085 397 2255 432 lateribus
2281 409 2338 432 ca·

131 455 213 498 pitis
241 457 323 490 colli
350 461 385 490 et
410 457 543 499 trunci,
576 457 637 490 ubi
664 457 763 491 color
789 459 963 493 obscurus
991 459 1129 501 disinit,
1163 459 1301 503 punctis
1338 464 1373 493 et
1398 460 1546 494 maculis
1571 460 1693 504 parvis
1718 460 1936 504 nigerrimis,
1969 464 2175 509 plerumque
2200 465 2339 509 punctis

133 522 260 557 albidis
286 523 531 568 intersparsis,
565 524 777 569 variegatis,
822 526 886 559 sed
912 525 1029 559 minus
1062 526 1244 570 eleganter
1269 526 1455 571 minusque
1487 527 1700 572 regulariter
1731 538 1836 572 quam
1862 528 1898 561 in
1923 540 2040 574 mare3
2078 532 2227 566 maculis
2251 532 2338 566 late-

130 589 265 624 ralibus
292 590 406 624 trunci
439 591 615 625 interdum
649 592 790 625 omnino
827 592 1007 626 obsoletis.
1060 590 1215 627 Gauda
1241 604 1463 638 compressa,
1498 605 1649 639 anceps,
1689 594 1861 629 lateribus
1886 595 2221 641 nigro-maculatis3
2262 599 2339 633 acie

131 655 270 691 inferna
295 658 409 700 flava,
443 658 650 704 plerumque
676 659 1007 705 nigro-maculata,
1044 659 1120 693 acie
1148 671 1321 705 superna,
1355 660 1535 694 rarissime
1561 662 1846 707 albo-nigroque
1870 662 2068 705 maculata,
2102 664 2278 699 interdum
2303 665 2339 700 in

132 723 305 767 posticam
332 725 429 759 dorsi
454 726 570 760 trunci
595 730 733 771 partem
758 727 981 771 continuata,
1018 727 1136 772 ibique
1162 727 1292 762 lineam
1319 728 1495 762 elevatam
1522 728 1730 771 exhibente,
1765 740 1857 774 quae
1890 733 2008 764 autem
2034 741 2121 765 mox
2146 732 2338 776 evanescit,

130 790 180 823 ita
205 795 245 825 ut
270 792 408 837 reliqua
433 793 530 827 dorsi
555 805 639 838 pars
667 794 809 828 omnino
835 795 925 828 levis
949 798 984 828 et
1009 795 1249 838 subdepressa
1275 795 1330 829 sit.
1382 793 1530 830 Pedes
1555 796 1703 829 maculis
1729 796 1857 841 nigris,
1892 796 2168 832 distinctioribus
2193 799 2253 832 vel
2279 800 2339 833 ob-

130 858 377 902 soletioribus3
419 861 544 894 subtus
571 861 776 905 plerumque
802 861 904 904 ssavi,
938 862 1175 905 immaculati,
1208 862 1399 906 digitorum
1426 861 1574 895 maculis
1601 861 1692 895 sicut
1717 863 1753 896 in
1778 875 1888 898 mare.
1940 862 2109 899 Pectus
2142 868 2178 899 et
2210 865 2340 900 abdo-

129 935 226 958 men
260 927 356 959 ssava
388 927 624 961 immaculata.
684 927 831 972 Caput
866 929 991 962 subtus
1017 928 1077 962 vel
1102 931 1215 962 totum
1248 929 1399 971 flavum,
1433 929 1492 962 vel
1517 928 1596 973 plus
1622 929 1738 963 minus
1763 931 2131 975 nigro-maculatum,
2165 932 2341 967 interdum

129 992 277 1026 maculis
304 994 513 1038 aequalibus
539 995 886 1038 subconssuentibus3
912 996 1081 1030 maxillae
1107 995 1286 1030 inferioris
1312 996 1472 1040 margine
1497 1007 1639 1040 semper
1663 996 1986 1041 nigro—maculato.
2024 997 2249 1034 Maxillae
2275 1011 2339 1034 su-

129 1059 327 1102 perioris
353 1071 478 1104 margo
505 1071 633 1095 versus
660 1062 830 1106 angulum
855 1062 964 1096 rictus
990 1063 1175 1107 paululum
1201 1063 1362 1097 deflexus
1390 1066 1454 1097 est.
1514 1062 1668 1097 Tuber
1701 1063 1835 1097 anale
1871 1066 1981 1098 multo
2013 1066 2130 1101 minus
2163 1078 2269 1112 quam
2303 1067 2340 1101 in

128 1126 305 1169 maribus,
339 1130 452 1161 totum
477 1128 629 1170 ssavum,
666 1129 783 1163 rarius
815 1130 964 1164 maculis
991 1130 1130 1164 duabus
1162 1130 1418 1175 nigricantibus
1445 1130 1634 1172 obsoletis,
1669 1142 1923 1174 verrucosum3
1962 1132 2052 1166 rima
2083 1133 2341 1178 longitudinali,

130 1192 167 1226 in
193 1197 267 1227 toto
295 1195 448 1238 ambitu,
482 1196 581 1241 rugis
608 1197 907 1231 transversalibus
932 1197 1131 1241 majoribus
1157 1197 1399 1231 minoribusve
1426 1197 1653 1231 circumdata.

279 1260 430 1307 Copiam
463 1263 695 1307 speciminum
720 1263 793 1309 legi
818 1264 854 1297 in
881 1264 981 1309 aquis
1015 1265 1262 1309 stagnantibus
1296 1265 1391 1298 circa
1419 1262 1673 1299 Vratislaviam
1708 1268 1743 1298 et
1770 1262 1988 1310 Gottingam.
2040 1265 2124 1300 Duo
2157 1267 2342 1302 individua

128 1331 247 1362 autem
273 1330 370 1374 cepi,
406 1330 463 1363 die
490 1329 523 1364 3.
550 1330 791 1375 Septembris,
826 1331 862 1365 in
887 1343 1025 1366 summo
1053 1332 1144 1366 colle
1175 1331 1490 1375 (SCHOLZENBERG
1520 1331 1714 1374 nominato)
1755 1343 1866 1376 prope
1892 1332 2153 1367 WVARMBRUNN
2186 1334 2221 1368 in
2249 1334 2339 1369 Sile-

129 1395 204 1437 sia,
247 1397 313 1431 sub
340 1397 476 1441 lapide,
512 1398 556 1431 ab
583 1398 680 1432 omni
706 1409 798 1443 aqua
831 1403 1019 1444 stagnante
1055 1398 1143 1433 satis
1175 1402 1331 1441 remota,
1376 1399 1495 1444 utique
1522 1410 1602 1433 cum
1635 1399 1778 1444 reliquis
1811 1399 2062 1444 speciminibus
2098 1402 2340 1446 congruentia,

127 1463 287 1498 verrucis
314 1468 469 1498 attamen
496 1465 770 1500 confertioribus
803 1470 839 1500 et
873 1466 1163 1500 distinctioribus.

278 1556 312 1591 2.
368 1555 628 1603 Longitudo
662 1557 822 1602 corporis
850 1558 915 1601 12,
950 1558 1087 1592 caudae
1114 1557 1158 1593 11
1184 1558 1367 1592 linearum.
1420 1557 1591 1602 Corporis
1623 1569 1707 1603 pars
1741 1569 1957 1603 superna,
2004 1559 2117 1593 latera
2150 1559 2340 1605 pedesque,

126 1623 229 1657 fusco
258 1623 472 1669 cinereoque
497 1628 733 1668 marmorata3
771 1625 919 1661 maculis
953 1625 1064 1670 nigris
1096 1625 1189 1660 sicut
1221 1625 1258 1659 in
1284 1625 1458 1659 varietate
1483 1625 1616 1670 prima,
1660 1625 1725 1659 sed
1756 1625 1996 1670 paucioribus.
2055 1625 2195 1671 corpus
2230 1630 2342 1662 totum

126 1691 308 1733 subtus,
342 1702 456 1736 aeque
483 1702 526 1726 ac
553 1692 649 1726 acies
675 1692 816 1727 inferna
843 1696 948 1727 acuta
974 1693 1130 1736 caudae,
1165 1693 1263 1727 flava
1296 1693 1534 1727 immaculata.
1586 1691 1811 1727 Maxillae
1845 1696 1880 1726 et
1914 1692 2045 1727 tuber
2078 1693 2210 1727 anale
2250 1694 2342 1729 sicut

124 1757 161 1791 in
187 1758 429 1793 antecedente.

275 1841 309 1876 3.
362 1841 624 1887 Longitudo
660 1842 820 1887 corporis
846 1841 1028 1886 24—26,
1064 1844 1202 1879 caudae
1228 1843 1390 1878 20—22
1418 1843 1603 1878 linearum.
1655 1843 1759 1878 Haec
1784 1843 1969 1877 individua
1994 1843 2157 1888 longiora
2184 1848 2219 1878 et
2244 1855 2339 1879 cras-

126 1909 223 1943 siora
240 1913 322 1942 sunt
348 1910 657 1955 antecedentibus3
684 1914 764 1947 cute
790 1910 922 1945 vestita
947 1910 1039 1953 levi,
1073 1912 1245 1956 absque
1272 1910 1502 1952 verrucis,
1529 1921 1639 1954 supra
1664 1914 1700 1944 et
1725 1911 1895 1945 lateribus
1921 1911 2241 1955 livido-brunnea3
2265 1923 2339 1946 ma-

126 1977 215 2010 culis
241 1977 455 2021 reliquisque
488 1977 634 2021 picturis
668 1977 759 2013 sicut
786 1977 820 2010 in
855 1978 1156 2012 antecedentibus.
1216 1977 1331 2012 Unius
1364 1977 1539 2011 individui
1574 1977 1688 2011 latera
1720 1978 1853 2020 trunci,
1889 1978 1982 2011 inter
2016 1978 2174 2012 maculas
2207 1978 2339 2023 nigras,

124 2044 263 2088 punctis
291 2044 381 2078 albis
408 2044 577 2078 confertis
603 2044 774 2089 adspersa
801 2048 894 2078 sunt.
953 2044 1179 2082 Quibusdam
1214 2045 1310 2078 acies
1345 2045 1482 2078 caudae
1516 2054 1665 2089 supera,
1700 2045 1802 2089 nigro
1835 2045 2001 2090 flavoque
2035 2045 2233 2079 alternatim
2266 2056 2340 2079 ma-

126 2112 263 2153 culata,
300 2111 335 2145 in
362 2112 535 2156 posticam
561 2111 659 2145 dorsi
694 2111 809 2146 trunci
842 2115 979 2156 partem
1006 2112 1212 2145 continuata
1246 2115 1310 2145 est.
1373 2110 1600 2145 Maxillae
1635 2115 1670 2144 et
1702 2112 1834 2145 tuber
1867 2112 1996 2145 anale
2028 2112 2154 2146 iisdem
2179 2112 2338 2157 partibus

124 2179 308 2213 varietatis
334 2178 469 2224 primae
503 2179 728 2223 respondent.

274 2270 307 2305 4.
361 2270 624 2315 Longitudo
652 2271 812 2315 corporis
838 2271 905 2313 22,
948 2271 1085 2305 caudae
1120 2270 1166 2305 18
1191 2271 1376 2305 linearum.
1436 2269 1576 2314 Corpus
1610 2281 1923 2313 verrucosum,
1965 2281 2074 2315 supra
2108 2275 2142 2303 et
2167 2271 2338 2305 lateribus

123 2343 350 2381 castaneum,
378 2339 536 2372 obsolete
563 2339 1146 2381 viridi-cinereo-marmoratum3
1172 2338 1321 2373 maculis
1348 2337 1439 2372 sicut
1465 2337 1500 2373 in
1521 2336 1696 2374 varietate
1714 2337 1755 2379 1,
1782 2337 1988 2371 lateralibus
2016 2341 2134 2371 autem
2159 2339 2337 2372 confluen-

123 2407 228 2440 tibus.
282 2405 428 2450 Caput
460 2406 586 2439 subtus
612 2405 980 2450 nigro-maculatum,
1009 2405 1168 2449 granulis
1197 2405 1289 2439 albis
1317 2405 1536 2449 adspersum.
1590 2404 1774 2439 Similibus
1801 2405 1959 2449 granulis
1986 2405 2091 2438 etiam
2117 2404 2231 2439 latera
2256 2404 2339 2439 colli

123 2478 157 2508 et
183 2473 299 2508 trunci
324 2474 504 2518 pedesque
531 2473 702 2517 adspersa
727 2476 819 2507 sunt.
879 2471 1054 2506 Maxillae
1081 2476 1116 2506 et
1142 2473 1245 2506 tuber
1272 2472 1375 2505 anale
1409 2472 1501 2505 sicut
1526 2471 1562 2505 in
1591 2472 1762 2507 varietate
1789 2472 1911 2516 prima.

271 2540 376 2574 Nunc
403 2541 447 2574 de
481 2540 697 2584 Synonymis
729 2539 836 2583 hujus
865 2540 1022 2574 feminae
1048 2539 1222 2584 quaedam
1247 2539 1414 2572 referam.
1468 2538 1632 2572 Triton
1666 2538 1890 2582 alpestris
1931 2538 2168 2580 LAURENTH,
2209 2538 2333 2572 Sala-

121 2608 308 2643 mandra
342 2607 559 2651 alpestris
587 2606 704 2641 San.
730 2605 899 2651 ,Molge
934 2606 1153 2650 alpestris
1181 2605 1308 2639 MERR.
1344 2605 1650 2639 Salamandra
1684 2605 1997 2639 rubriventris
2031 2604 2234 2647 DAUDmn,
2262 2605 2334 2647 Sa-

122 2675 385 2709 lamandrae
418 2674 578 2718 igneae
611 2673 777 2707 BEcnsT.
810 2673 964 2715 femina,
998 2673 1070 2706 tab.
1094 2671 1171 2706 XX
1203 2672 1261 2717 fig.
1286 2671 1308 2706 3
1332 2675 1367 2705 et
1388 2670 1430 2714 4,
1465 2672 1535 2705 hue
1568 2672 1763 2706 certissime
1798 2676 1959 2717 spectant
1984 2692 2031 2697 —
2082 2669 2233 2706 GMELlN
2267 2672 2333 2705 sub

122 2743 321 2777 Lacerta
346 2741 541 2774 lacustri
572 2741 691 2784 plures
718 2740 856 2785 species
883 2740 1045 2773 diversas
1080 2740 1258 2782 confudit3
1301 2739 1457 2773 varietas
1487 2750 1503 2773 ε
1528 2739 1623 2772 illius
1649 2738 1825 2772 Lacertae
1861 2743 1915 2773 est
1940 2739 2091 2781 femina,
2129 2738 2286 2772 varietas
2312 2750 2331 2781 η

123 2813 242 2844 autem
276 2820 352 2843 mas
385 2811 530 2841 nostrae
564 2807 741 2852 Molges
781 2807 943 2852 igneae
970 2827 1017 2832 -—-
1058 2806 1359 2841 Salamandra
1391 2809 1662 2841 marmorata
1694 2805 1896 2848 DAUDux'n,
1945 2816 2051 2850 quam
2084 2803 2252 2839 MERREM
2286 2805 2332 2838 ad

120 2881 281 2912 nostram
314 2875 469 2920 speciem
502 2875 663 2917 adhibet,
704 2874 925 2919 longitudine
958 2878 1012 2908 est
1044 2873 1156 2908 8—9
1178 2874 1363 2918 pollicum,
1405 2884 1554 2917 corpore
1587 2873 1712 2907 subtus
1744 2873 1906 2906 brunneo
1940 2875 2001 2906 aut
2033 2871 2154 2916 nigro,
2194 2871 2331 2905 ratione

120 2945 251 2979 cristae
279 2947 344 2977 etc.
371 2953 513 2988 quoque
540 2953 562 2975 a
587 2946 709 2976 nostra
735 2942 854 2986 specie
887 2941 1004 2975 differt
1035 2960 1083 2966 —
1120 2940 1420 2974 Salamandra
1452 2944 1722 2973 marmorata
1754 2938 1990 2973 LATRfflLLEl
2024 2949 2105 2983 pag.
2121 2938 2168 2972 33
2204 2938 2275 2972 tab.
2295 2937 2330 2980 3,

119 3013 178 3057 fig.
194 3011 236 3053 2,
271 3011 379 3044 crista
405 3012 541 3050 erecta,
577 3009 739 3042 animalis
764 3009 983 3053 longitudine
1010 3006 1058 3048 5}
1073 3008 1259 3052 pollicum,
1294 3007 1414 3040 colore
1441 3010 1475 3039 et
1501 3007 1654 3050 pictura,
1690 3018 1711 3039 a
1733 3005 1856 3050 Molge
1883 3006 1988 3050 ignea
2014 3005 2140 3038 differt.
2193 3004 2332 3039 Auctor

120 3090 202 3124 pag.
219 3078 268 3113 36
293 3078 337 3111 de
363 3077 497 3111 femina
521 3079 759 3110 marmoratae
786 3076 877 3120 agit,
911 3075 975 3109 sed
1002 3074 1190 3119 descriptio
1225 3074 1303 3117 ejus
1336 3073 1440 3107 nimis
1473 3073 1592 3107 brevis
1619 3084 1675 3107 me
1709 3073 1753 3106 de
1780 3072 1961 3106 identitate
1994 3071 2127 3117 speciei
2158 3072 2328 3105 incertum

119 3145 271 3191 reliquit.
322 3144 368 3179 In
393 3143 542 3178 historia
567 3143 720 3177 naturali
745 3141 938 3188 Beptilium
966 3142 1122 3176 SONMNI
1150 3141 1300 3175 eandem
1326 3140 1596 3175 Salamandram
1630 3144 1881 3173 marmoratam
1913 3140 1978 3173 sub
2006 3139 2148 3173 nomine
2181 3137 2327 3173 Trito·

121 3213 190 3247 nis
217 3209 384 3246 GESNEm
419 3211 616 3255 descripsit.
675 3209 826 3252 Cuvier,
860 3221 941 3254 pag.
967 3209 1039 3244 100
1071 3207 1189 3253 Regni
1223 3207 1404 3249 animalis,
1445 3211 1562 3251 putat,
1603 3217 1739 3240 marem
1773 3206 1934 3241 Tritonis
1967 3205 2170 3240 marmorati
2203 3206 2326 3238 forsan

121 3279 357 3314 Tritonem
382 3279 617 3313 cristatum
650 3288 741 3311 esse.
794 3275 927 3312 Nostra
952 3275 1109 3310 varietas
1136 3279 1263 3320 quarta
1288 3274 1442 3308 feminae
1470 3277 1589 3307 autem
1615 3273 1717 3318 quasi
1743 3273 1898 3307 medium
1924 3277 2045 3307 tenere
2072 3272 2210 3305 videtur
2236 3270 2326 3304 inter

123 3346 358 3381 Tritonem
383 3346 484 3379 illum
516 3345 752 3380 cristatum
786 3346 865 3387 (seu
897 3342 1080 3387 Molgen
1114 3343 1365 3386 palustrem
1398 3342 1589 3383 nostram),
1632 3340 1867 3374 Tritonem
1900 3341 2215 3374 marmoratum
2248 3336 2322 3371 LA-

120 3421 297 3447 TREILLEI
324 3416 359 3445 et
383 3410 565 3456 Molgen
598 3412 791 3457 igneam3
824 3410 1044 3454 eandemque
1070 3409 1278 3443 varietatem
1306 3412 1428 3449 antea,
1463 3408 1498 3440 in
1526 3407 1729 3452 Conspectu
1756 3406 1972 3441 collectionis
1998 3415 2116 3446 meae,
2150 3415 2231 3448 pag.
2249 3402 2322 3439 432

121 3478 288 3521 n.5425‚
315 3490 380 3523 pro
408 3478 602 3512 Tritone
627 3479 899 3513 marmorato
926 3476 1160 3510 LATREILLE!
1189 3480 1223 3509 et
1250 3475 1550 3508 Salamandra
1576 3474 1786 3519 pruinata
1812 3473 2064 3513 SCHNEmERl,
2099 3481 2204 3516 quam
2229 3481 2322 3505 nunc

121 3547 168 3582 ad
192 3546 376 3581 individua
402 3545 541 3580 iuniora
567 3545 742 3591 Molges
775 3543 996 3589 palustris
1023 3542 1194 3585 adhibeo,
1230 3541 1347 3576 habui.
