2632 3890
897 551 1428 606 GENUS
1548 553 1603 605 1.

549 751 600 818 C
685 752 748 817 H
831 752 884 818 E
968 751 1027 818 L
1112 751 1170 818 Ο
1254 750 1309 817 Ν
1394 751 1425 816 Ι
1510 751 1565 817 Α
1694 772 1956 824 CUVIER,

823 937 1409 992 CARETTA
1497 948 1689 989 MERR.

936 1199 977 1240 1.
1059 1198 1179 1241 CH.
1240 1198 1580 1240 MYDAS.

339 1333 518 1369 Seutellis
544 1332 651 1368 dorsi
673 1339 713 1368 et
735 1334 857 1368 sferm’
883 1333 952 1374 13;
978 1333 1148 1382 squamis
1175 1330 1395 1367 oeularibns
1417 1330 1691 1380 posterior-[hux
1718 1333 1752 1367 4.
1783 1333 1896 1377 (Tab.
1929 1333 1962 1371 Ι,
2001 1334 2026 1367 F
2030 1334 2076 1378 ig.
2106 1334 2133 1368 Ι.
2146 1336 2168 1370 l.

301 1512 333 1547 1.
385 1481 547 1549 Pulli,
591 1511 714 1555 quales
749 1522 771 1544 a
796 1511 956 1556 pluribus
992 1510 1196 1544 auctoribus
1240 1510 1363 1554 (SEBA
1391 1509 1570 1544 Thesaur.
1598 1509 1628 1544 Ι.
1665 1509 1758 1543 Tab.
1786 1510 1852 1551 79,
1894 1509 1972 1554 Fig.
2008 1508 2030 1543 5
2075 1530 2122 1534 —
2165 1509 2360 1544 ScnoErFF

151 1589 183 1621 p.
210 1577 279 1619 73,
308 1577 400 1611 Tab.
430 1577 561 1615 XVII,
590 1577 667 1622 Fig.
696 1578 718 1612 2
745 1597 793 1602 —
820 1577 975 1611 DAUnlN
1001 1577 1052 1611 II.
1080 1589 1113 1622 p.
1144 1578 1202 1611 10.
1230 1577 1310 1622 Fig.
1338 1577 1361 1611 2
1388 1597 1435 1601 —
1464 1579 1550 1619 etc.)
1581 1577 1747 1620 (lescrIPti
1775 1580 1809 1610 et
1836 1577 2003 1610 delineati
2030 1580 2121 1610 sunt.

300 1644 487 1678 Scutum
515 1646 702 1678 dorsale
730 1646 820 1678 duos
846 1645 994 1689 pollices
1021 1645 1168 1689 longum
1196 1648 1259 1678 est.
1311 1644 1356 1678 In
1383 1645 1494 1678 altero
1524 1645 1726 1686 individuo,
1754 1644 1846 1677 inter
1873 1644 2042 1688 angulum
2069 1644 2231 1677 dextrum
2258 1655 2361 1687 supe·

148 1712 280 1745 riorem
306 1712 446 1745 scutelli
473 1712 682 1745 rertebralis
709 1712 813 1756 primi
840 1716 874 1745 et
900 1713 1098 1756 marginem
1125 1712 1331 1745 inferiorem
1357 1712 1497 1745 scutelli
1524 1712 1731 1755 marginalis
1758 1711 1930 1755 proximi,
1984 1711 2170 1744 scutellum
2204 1711 2362 1754 spurium

149 1780 320 1813 insertum
338 1783 402 1813 est.
419 1800 466 1803 —
495 1779 653 1813 Sterni
679 1779 866 1813 umbilicus
893 1779 977 1813 hiat.
995 1800 1042 1804 ——
1069 1778 1295 1814 Maxillae
1322 1782 1405 1812 sunt
1431 1779 1637 1821 edentulae3
1663 1779 1850 1812 inferiores
1879 1779 2015 1822 apicem
2042 1789 2167 1811 versus
2194 1778 2258 1811 vix
2283 1789 2362 1810 ves-

150 1847 244 1891 tigiis
278 1847 488 1890 quibusdam
523 1847 661 1880 levibus
689 1847 934 1880 incisurarum.
962 1867 1011 1871 —
1062 1846 1375 1880 Tuberculum
1409 1846 1503 1879 infra
1530 1857 1635 1879 nares
1663 1846 1717 1879 his
1745 1846 1900 1887 acutius,
1938 1845 2008 1878 illis
2036 1845 2196 1878 obtusius
2224 1848 2287 1877 est.
2314 1864 2362 1868 —

150 1913 337 1948 Palmae
370 1915 653 1958 plantaeque
680 1926 799 1959 ungue
825 1925 898 1947 uno
927 1914 1091 1947 distincto
1119 1917 1277 1947 armatae
1304 1917 1405 1955 sunt;
1448 1914 1511 1946 sed
1539 1913 1668 1957 unguis
1695 1913 1841 1946 alterius
1868 1923 2006 1957 quoquc
2033 1912 2224 1956 vestighun
2250 1912 2361 1945 adest.

151 1981 356 2015 Secundum
383 1981 715 2023 ScnwfflGoERUM,
744 1993 824 2026 pag.
853 1981 944 2023 292,
972 1992 1141 2014 numerus
1168 1981 1341 2025 unguium
1367 1980 1493 2014 variat.

301 2048 523 2092 Squamae
557 2049 785 2082 laterales
821 2048 995 2092 capitis
1023 2048 1118 2081 haud
1146 2052 1324 2081 momento
1351 2048 1424 2081 levi
1452 2059 1530 2081 esse
1556 2047 1722 2080 videntur
1749 2048 1795 2080 ad
1821 2047 2080 2091 dignoscendas
2109 2044 2364 2079 Cheloniarum

151 2115 307 2159 species,
335 2127 382 2148 ex
408 2127 530 2149 earum
556 2127 704 2149 numero
731 2116 849 2149 forma
875 2118 910 2148 et
936 2115 1006 2148 situ
1021 2114 1198 2158 Mydam
1224 2115 1513 2148 imbricatam
1541 2118 1576 2147 et
1600 2113 1833 2147 Carettam
1859 2113 1971 2146 nostri
1988 2112 2108 2146 Musei
2135 2113 2265 2156 optime.
2292 2112 2361 2145 dis-

150 2183 311 2228 tinguere
337 2194 500 2226 possum‚
529 2183 564 2216 id
591 2183 685 2226 quod
712 2183 828 2227 capita
854 2182 980 2215 harum
1007 2182 1224 2226 specierum,
1259 2182 1295 2214 in
1322 2181 1479 2215 tabula
1505 2180 1524 2213 I
1552 2180 1729 2222 exhibita,
1756 2191 1926 2224 perquam
1953 2180 2048 2212 clarc
2074 2181 2236 2223 probant.

299 2248 340 2283 M
350 2250 525 2283 axillae
552 2250 817 2283 individuorum
845 2249 1046 2282 adultorum
1063 2248 1196 2292 Mydae
1224 2249 1384 2292 margine
1413 2260 1458 2281 se
1468 2248 1846 2280 rrato-dentatae
1874 2250 1974 2288 sunt,
2002 2247 2167 2279 dentibus
2193 2246 2362 2279 maxillae

153 2317 347 2361 superioris
374 2317 534 2361 pluribus
563 2321 597 2349 et
623 2317 841 2358 minoribus,
870 2316 1051 2349 inferioris
1078 2316 1307 2359 paucioribus
1334 2315 1620 2358 majoribusque3
1648 2319 1802 2347 attamen
1830 2315 1865 2346 in
1893 2313 2076 2346 individuo
2103 2324 2233 2357 magno
2243 2311 2364 2345 Musei

152 2384 341 2417 anatomici
368 2384 619 2418 Universitatis
646 2388 790 2417 nostrae
819 2384 944 2417 dentes
971 2383 1140 2416 maxillae
1168 2383 1348 2417 inferioris
1375 2383 1516 2427 quidem
1544 2382 1734 2414 admodum
1760 2382 1870 2414 validi
1897 2384 1997 2422 sunt,
2057 2380 2152 2413 haud
2178 2391 2266 2413 vero
2292 2383 2364 2412 tani

150 2451 272 2496 magni
297 2463 402 2496 quam
435 2451 470 2484 in
505 2451 620 2495 capite
654 2452 748 2496 quod
771 2450 1010 2493 SCHNEmER,
1064 2450 1187 2483 tabula
1211 2449 1251 2483 II
1278 2450 1396 2494 operis
1424 2449 1498 2491 sui,
1551 2449 1725 2482 delineari
1752 2449 1908 2489 curavit,
1962 2448 2056 2492 quod
2084 2447 2190 2480 etiam
2215 2457 2363 2479 numero

152 2519 309 2552 dentium
335 2519 386 2551 illi
412 2522 533 2551 nostro
562 2519 664 2552 cedit.
731 2517 828 2551 Pulli
855 2518 963 2561 igitur
990 2518 1154 2550 dentibus
1182 2520 1323 2558 carent,
1376 2517 1435 2560 qui
1462 2516 1594 2549 sensim
1621 2516 1842 2559 sensimque,
1896 2518 2013 2548 aetate
2040 2514 2154 2558 magis
2181 2516 2362 2558 provecta,

153 2587 311 2619 oriuntur
339 2589 373 2619 et
401 2586 435 2618 in
463 2586 592 2619 adultis
618 2584 829 2618 validissimi
856 2588 947 2617 sunt.
1016 2584 1105 2617 Inde
1133 2584 1449 2627 reprehendendus
1478 2588 1532 2616 est
1557 2583 1794 2624 BECHSTElN,
1848 2582 1908 2626 qui
1934 2582 1969 2614 in
1995 2582 2098 2614 icone
2125 2579 2275 2624 Mydae,
2327 2580 2363 2612 in

152 2653 382 2685 translatione
415 2653 610 2685 vernacula
645 2652 763 2695 operis
790 2651 1045 2694 Lacepedeani
1073 2650 1250 2691 exhibita,
1304 2651 1400 2694 pullo
1436 2650 1541 2692 hujus
1575 2649 1707 2693 speciei
1735 2653 1840 2693 eaput
1873 2649 1985 2682 adulti
2019 2652 2078 2690 (et
2103 2647 2244 2691 quidem
2269 2646 2363 2679 idem

153 2723 276 2762 eaput,
329 2720 422 2763 quod
448 2720 483 2752 in
510 2720 655 2752 laudato
682 2718 915 2752 SCHNEmERI
945 2729 1052 2761 opere
1081 2719 1296 2751 delineatum
1324 2721 1397 2754 est)
1434 2717 1659 2760 imposuerit,
1714 2727 1794 2749 cum
1820 2716 1856 2748 in
1883 2715 2074 2758 archetypo
2101 2713 2362 2756 Lacepedeano

153 2786 320 2820 maxillae
348 2786 512 2819 dentibus
540 2780 643 2830 plane
670 2789 832 2827 careant,
885 2786 979 2829 quod
1008 2785 1114 2818 etiam
1141 2785 1276 2828 reliquo
1305 2785 1464 2827 corpori,
1519 2783 1688 2827 imprimis
1715 2784 1854 2816 formae
1882 2786 2107 2815 transversae
2135 2780 2363 2812 scutellorum

153 2853 424 2893 vertebralium,
468 2854 677 2896 respondet,
726 2853 853 2897 quippe
880 2864 970 2896 quac
998 2852 1033 2884 in
1060 2852 1126 2884 hac
1154 2852 1292 2895 specie,
1342 2851 1433 2884 sicut
1460 2850 1495 2883 in
1522 2851 1601 2883 aliis
1628 2850 1806 2893 pluribus,
1859 2859 1998 2892 semper
2024 2850 2177 2879 aetatem
2203 2849 2362 2879 teneram

154 2920 385 2965 speciminum
410 2919 545 2963 prodit,
575 2931 670 2960 cum,
723 2923 828 2963 prout
855 2920 984 2952 animal
1012 2919 1157 2959 crescit,
1203 2918 1351 2951 scutella
1377 2917 1446 2950 ista
1471 2917 1586 2960 magis
1613 2917 1797 2960 magisque
1823 2915 1858 2948 in
1885 2913 2140 2958 longitudinem
2167 2913 2361 2946 extendan-

154 2991 229 3029 tur,
284 2988 396 3020 donee
424 2985 459 3018 in
487 2986 614 3019 adultis
642 2986 824 3019 latitudine
852 2987 959 3030 duplo
987 2986 1151 3029 longiora
1178 2985 1344 3018 evadunt.
1430 2982 1488 3016 De
1515 2983 1583 3016 hoc
1609 2983 1837 3016 scutellorum
1864 2981 2101 3021 incremento,
2162 2983 2197 3013 et
2222 2980 2360 3014 formae

155 3066 279 3088 eorum
305 3053 509 3087 mutationis
535 3053 692 3094 ratione,
722 3052 814 3086 infra
839 3054 984 3087 uberius
1013 3053 1189 3086 disserere
1217 3050 1460 3095 opportunitas
1487 3061 1526 3083 se
1552 3049 1745 3094 praebebit.

305 3188 339 3223 2.
393 3188 580 3222 scutum
608 3187 794 3221 dorsale
821 3187 995 3221 individui
1024 3187 1145 3220 adulti.
1223 3185 1324 3219 Idem
1352 3188 1422 3225 est,
1475 3182 1567 3228 quod
1594 3182 1630 3216 in
1657 3186 1848 3227 conspectu
1875 3181 2093 3216 collectionis
2120 3191 2240 3221 meae,
2292 3179 2358 3212 sub

154 3255 296 3289 nomine
324 3255 598 3289 Testudinis
626 3254 815 3295 viridis,
849 3254 893 3288 N.
923 3253 1039 3295 5490,
1068 3254 1265 3297 designavi.
1301 3251 1537 3286 Exactissime
1563 3251 1641 3284 fere
1667 3251 1857 3294 respondet
1883 3254 1982 3283 scuto
2011 3245 2358 3282 dorsaliTestudinis

154 3333 306 3367 magnae
332 3323 507 3364 marinae,
560 3323 654 3367 quod
681 3322 889 3355 U'ALBAL‘M
924 3333 956 3365 p.
985 3321 1033 3354 88
1061 3321 1257 3364 descripsit.
1335 3318 1429 3352 Lon
1439 3318 1599 3361 gitudo
1628 3318 1704 3360 ejus
1733 3322 1786 3350 est
1813 3317 1835 3350 3
1862 3317 1991 3360 pedum
2019 3319 2053 3348 et
2083 3314 2151 3352 10÷
2179 3312 2356 3356 pollicum,

154 3389 355 3423 latitudo
384 3388 405 3422 3
432 3391 580 3433 pedum,
629 3389 829 3422 altitudo
860 3387 904 3420 13
932 3388 1108 3431 pollicum.
1188 3386 1328 3420 Color
1354 3385 1498 3425 badius,
1552 3385 1699 3417 maculis
1726 3384 1836 3428 nigris
1864 3387 1898 3415 et
1924 3381 2067 3426 picturis
2094 3378 2357 3413 ssavobrunneis

155 3455 420 3501 irregularibus·
448 3476 495 3480 -—
537 3456 749 3490 Scutella
775 3454 988 3488 vertebralia
1017 3458 1050 3486 et
1077 3454 1237 3487 lateralia
1263 3452 1444 3486 levissima
1471 3456 1569 3493 sunt,
1597 3453 1728 3495 absque
1756 3450 1850 3483 omni
1877 3448 2028 3492 vestigio
2056 3446 2216 3480 carinae:
2245 3444 2356 3479 Ver-

156 3523 402 3557 tebralium
427 3522 578 3566 primum
603 3522 906 3567 subtriangulare,
956 3521 1175 3565 longitudine
1201 3520 1325 3560 latius,
1369 3519 1479 3551 tribus
1506 3518 1734 3562 sequentibus
1762 3517 1868 3560 duplo
1895 3515 2020 3556 latius3
2069 3513 2263 3547 secundum
2288 3515 2355 3545 ter-

221 3588 455 3613 Giuvmnoasr
486 3586 630 3622 Reptilia.
1738 3582 1761 3616 2
