2534 3890
917 230 1160 267 PARTES
1204 227 1528 265 INTERNAE.
2264 235 2325 280 95

125 344 170 381 de
195 343 323 389 quibus
344 345 419 389 jam
446 344 584 378 locutus
610 353 689 377 sum
715 363 762 367 —
790 341 1023 378 'resticuli
1051 342 1146 385 (10),
1172 341 1250 375 fere
1277 340 1313 374 in
1338 339 1456 373 medio
1483 337 1581 372 dorsi
1606 337 1677 380 siti,
1704 337 1798 373 haud
1824 339 2002 384 simplices
2029 346 2130 386 sunt,
2167 344 2231 377 sed
2258 345 2329 389 epi-

125 412 355 456 didymide
390 410 442 455 (k)
470 411 574 445 aucti.
633 410 766 444 Forma
792 414 826 444 01
858 411 950 444 ratio
985 420 1102 443 nexus
1137 407 1380 442 testiculorum
1407 410 1442 440 et
1468 405 1743 450 epididymiduin
1776 405 1871 441 haud
1898 419 2038 453 semper
2065 411 2213 444 eaedem
2238 415 2331 455 sunt,

123 490 191 513 nec
217 479 253 513 in
279 479 366 524 ipsis
390 479 494 513 00105
521 478 752 523 ejusdemque
778 478 911 522 speciei
937 476 1148 518 individuis,
1182 474 1348 509 conferas
1374 474 1523 518 figuram
1538 472 1611 515 VI,
1640 472 1731 506 alius
1758 474 1865 507 maris
1891 473 2033 520 Molges
2060 478 2237 512 taeniatae
2263 482 2332 513 tes-

123 546 250 580 ticulos
284 547 361 589 (10)
395 557 475 579 cum
509 545 744 589 epididymide
773 543 824 588 (k)
852 544 1090 579 exhibentem.
1143 540 1269 575 Pluria
1294 542 1338 574 de
1372 540 1440 574 hac
1467 541 1665 574 differentia
1690 540 1841 584 partium
1865 543 2068 584 genitalium
2093 546 2187 589 apud
2213 549 2333 580 aucto-

123 624 182 647 res
210 614 299 647 alios
324 613 446 657 legere
472 613 581 654 velis,
616 612 784 656 imprimis
811 612 905 656 apud
931 610 1150 644 RATHKEUM
1185 612 1279 653 (pag.
1298 607 1365 650 23,
1400 607 1563 641 33—37
1591 609 1693 650 etc.);
1733 607 1808 651 ipse
1834 618 2004 642 numerus
2030 610 2155 645 harum
2181 614 2333 657 partium

123 690 195 713 non
221 690 361 724 semper
387 679 482 713 idem
509 683 581 722 est,
615 678 777 713 RATHKE
805 680 898 713 enim
923 678 1051 719 refert,
1088 676 1270 710 testiculos
1297 674 1473 708 interdum
1499 674 1536 706 in
1562 674 1604 716 2,
1632 674 1654 708 3
1683 678 1718 707 et
1742 674 1767 708 4
1793 678 1911 719 partes
1939 675 2104 721 disjungi.
2157 679 2245 713 Sine
2271 681 2334 714 du-

120 747 180 781 bio
207 747 275 780 hae
302 746 522 781 differentiae
549 747 658 781 aetati
692 750 727 780 et
752 746 904 790 tempori
930 745 1084 790 pruritus
1111 743 1271 778 sexualis
1296 742 1523 786 respondent.
1582 740 1720 775 Forsan
1747 746 1866 776 autem
1893 746 1991 777 ortus
2017 744 2158 778 illarum
2182 747 2336 790 partium

124 814 251 847 eodem
276 815 382 848 modo
411 815 583 858 explicari
608 817 735 858 potest,
763 825 833 858 quo
860 812 1022 847 RATHKE
1051 811 1131 855 (IV,
1158 822 1191 855 p.
1210 809 1270 853 15)
1299 813 1414 843 ortum
1441 809 1762 842 accumulationum
1788 810 1968 844 variarum
1995 812 2238 847 testiculorum
2264 818 2336 847 stu-

122 881 233 915 rionis
260 882 463 925 explicavit.
489 902 538 907 —
591 880 682 916 Cum
705 881 875 915 testiculis
903 880 1112 923 conjunctae
1139 881 1221 911 sunt
1246 876 1542 920 Appendices
1575 875 1730 908 luteae
1757 876 1832 919 (11)
1862 882 1940 919 (seu
1967 878 2130 913 ductus
2157 880 2338 924 adiposi

122 948 437 993 BLUMENBACH113
470 949 645 983 sacculi
671 948 819 981 oleosi
846 946 1034 981 JACOBAEI
1062 944 1379 986 ethnmA1m13
1405 943 1473 976 les
1501 953 1632 986 corps
1658 942 1844 987 franges
1872 943 2053 989 CUV1ER13
2087 958 2219 991 corps
2244 958 2338 981 ner—

122 1026 243 1049 veux
269 1016 460 1049 01001105
486 1016 527 1049 10
553 1016 659 1060 1003
685 1015 764 1048 (105
799 1014 1045 1048 1051100105
1072 1011 1298 1046 PERRAULTI
1326 1012 1427 1053 etc.),
1462 1009 1661 1043 substantia
1688 1012 1724 1043 et
1749 1010 1868 1044 colore
1896 1013 2149 1056 appendicibus
2176 1014 2338 1059 analogis

120 1081 383 1117 batrachiorum
417 1082 619 1116 salientium
651 1082 925 1126 respondentes,
967 1092 1034 1114 nec
1060 1091 1148 1114 vero
1183 1079 1325 1113 lobatae
1351 1089 1418 1111 nec
1443 1088 1625 1120 ramosae,
1670 1077 1735 1110 sed
1760 1077 1949 1122 simplices.
2001 1078 2060 1113 De
2084 1081 2266 1115 functione
2303 1085 2339 1115 et

123 1150 274 1183 utilitate
288 1149 417 1184 harum
435 1151 586 1194 partium
604 1149 775 1184 hactenus
791 1160 863 1182 non
881 1149 1000 1182 onmia
1016 1147 1124 1181 dubia
1142 1146 1283 1180 sublata
1299 1149 1390 1179 sunt.
1435 1143 1587 1178 Plurimi
1610 1148 1744 1188 putant,
1773 1156 1834 1178 0115
1853 1156 1934 1178 0010
1952 1146 2194 1181 functionibus
2206 1159 2338 1183 sexua-

120 1217 214 1251 libus
230 1228 327 1251 nexu
353 1218 505 1262 quodam
528 1217 671 1261 junctas
686 1228 785 1258 esse,
813 1228 893 1250 cum
908 1215 1059 1250 Rosssm.
1082 1215 1118 1248 in
1133 1213 1229 1247 ranis
1257 1216 1292 1247 et
1317 1212 1509 1246 husonibus
1537 1212 1783 1254 observasset,
1810 1212 1891 1246 illas
1919 1214 2150 1257 appendices,
2177 1221 2338 1260 tempore

121 1285 277 1328 pruritus
304 1285 464 1319 sexualis
492 1284 738 1318 exaltatissimi
772 1283 965 1325 maximas,
1007 1285 1088 1327 post
1112 1285 1251 1326 tempus
1278 1280 1391 1314 coitus
1419 1279 1560 1313 omnino
1587 1279 1664 1313 1010
1692 1290 1918 1314 evanescere.
1972 1279 2120 1314 CUvmn
2146 1282 2253 1316 talem
2278 1293 2339 1316 ne—

121 1363 209 1386 xum
234 1355 361 1396 negat,
388 1363 486 1394 cum,
513 1351 587 1385 suis
614 1351 941 1392 observationibus,
977 1361 1065 1394 quas
1093 1349 1200 1382 etiam
1225 1347 1388 1381 RATHKE
1416 1347 1598 1391 probavit,
1625 1346 1694 1380 hae
1721 1347 1935 1391 appendices
1962 1348 1998 1380 in
2024 1348 2170 1382 larvis
2195 1350 2340 1383 batra-

124 1418 329 1453 chiorum
353 1430 417 1463 pro
444 1419 583 1453 ratione
609 1419 782 1462 majores,
817 1419 853 1451 in
878 1418 1021 1452 feminis
1054 1415 1212 1462 gravidis
1240 1419 1358 1449 31110111
1384 1425 1492 1458 saepe
1519 1414 1675 1448 minutae
1701 1415 1789 1457 sint,
1830 1414 2017 1459 potiusque
2044 1426 2106 1449 eas
2131 1427 2195 1461 pro
2222 1416 2341 1461 specie

124 1486 257 1531 epiploi
282 1486 415 1520 habere
440 1487 587 1520 mavult.
640 1485 817 1520 Conferas
843 1496 934 1530 quae
960 1485 1055 1519 infra
1081 1484 1125 1517 de
1151 1483 1207 1517 his
1236 1482 1489 1527 appendicibus
1517 1481 1776 1515 Salamandrae
1802 1482 2007 1515 maculosae
2034 1483 2183 1517 tradam.

274 1552 396 1588 Vasa
429 1554 514 1588 duo
548 1553 809 1588 deferentia
846 1553 948 1587 alba
980 1551 1160 1596 Molges
1194 1549 1419 1595 palustris
1457 1548 1600 1582 orificiis
1635 1549 1853 1593 simplicibus
1885 1549 1922 1582 10
1948 1550 2071 1584 cloaca
2108 1550 2193 1593 (tab.
2212 1549 2340 1592 XVII,

122 1620 181 1665 fig.
200 1620 231 1663 Ι,
259 1621 305 1654 ad
333 1620 379 1654 13
407 1621 519 1654 001110
547 1623 683 1665 aperta)
711 1620 863 1663 hiantia,
901 1620 998 1665 gyris
1024 1618 1203 1653 nonnullis
1233 1618 1340 1661 juxta
1367 1620 1402 1650 01
1428 1627 1537 1660 supra
1562 1627 1666 1650 renes
1694 1616 1771 1659 (¹20)
1799 1617 2046 1659 ascendentia,
2080 1628 2173 1661 pone
2199 1617 2342 1651 testicu-

123 1688 178 1721 los
205 1688 310 1721 altius
338 1688 561 1731 continuata,
595 1689 729 1722 sensim
754 1688 941 1722 subtiliora
968 1687 1187 1728 evadebant,
1215 1686 1428 1729 tandemque
1455 1684 1490 1717 10
1516 1684 1700 1728 peritoneo
1728 1685 2007 1727 evanescebant,
2035 1696 2102 1718 nec
2128 1685 2343 1718 succedebat

121 1755 208 1788 mihi
233 1766 366 1789 nexum
393 1766 516 1789 eorum
543 1766 623 1789 cum
649 1756 822 1789 testiculis
849 1754 1019 1788 invenire.
1071 1753 1211 1787 Momm
1239 1752 1357 1793 tradit,
1385 1762 1474 1785 vasa
1491 1749 1514 1786 5
1540 1754 1602 1784 301
1628 1750 1651 1784 6
1679 1762 1699 1784 0
1726 1751 1898 1785 1051100115
1926 1752 2022 1794 01111,
2050 1752 2200 1785 subinde
2224 1755 2344 1785 autem

121 1822 158 1856 in
184 1834 292 1856 unum
318 1834 385 1856 vas
412 1822 578 1856 deferens
600 1822 715 1867 jungi.
768 1821 829 1856 DU
857 1822 938 1855 FAY
973 1821 1127 1866 profert,
1172 1832 1191 1854 e
1218 1819 1381 1854 testiculo
1416 1830 1481 1853 vas
1515 1829 1579 1862 per
1613 1819 1872 1861 membranam,
1913 1829 2007 1863 quae
2033 1819 2237 1863 pulmonem
2262 1829 2343 1853 cum

122 1890 284 1923 testiculo
307 1890 443 1934 jungit,
481 1901 673 1924 excurrere
700 1894 752 1932 et,
779 1900 891 1933 prope
915 1889 1022 1932 juxta
1047 1899 1113 1922 vas
1141 1888 1325 1930 deferens,
1352 1886 1389 1919 in
1415 1887 1639 1927 membrana,
1667 1896 1734 1919 vas
1760 1886 1846 1919 illud
1873 1886 2069 1928 ambiente,
2104 1897 2341 1928 evanescere3

124 1957 304 1990 existimat
330 1961 459 1999 autem,
486 1968 608 1990 semen
634 1968 697 2000 per
723 1968 788 1990 vas
815 1956 968 1990 testiculi
994 1956 1030 1988 in
1057 1967 1121 1988 vas
1149 1955 1315 1988 deferens
1342 1954 1434 1987 duci.
1488 1952 1693 1986 Secundum
1708 1951 1933 1986 RUSCOMUM
1962 1953 2046 1996 (tab.
2063 1952 2130 1996 IV,
2157 1953 2215 1997 fig.
2232 1952 2343 1995 VIII)

125 2025 287 2067 canales,
314 2024 508 2058 lateraliter
534 2035 553 2058 e
580 2024 750 2058 testiculis
778 2024 846 2057 orti
873 2024 1011 2066 (confer
1036 2026 1181 2056 nostrae
1214 2022 1358 2055 tabulae
1385 2019 1480 2054 XVI
1513 2018 1714 2065 figuramV
1741 2020 1787 2053 ad
1814 2031 1848 2062 ε,
1890 2024 2010 2064 partes
2036 2020 2215 2054 masculas
2241 2019 2345 2053 Sala·

123 2092 295 2126 mandrae
321 2092 527 2125 maculosae
555 2091 809 2134 exhibentem),
837 2091 1034 2124 ascendunt
1060 2093 1096 2123 et
1122 2089 1158 2122 in
1184 2089 1369 2133 superiore
1395 2090 1497 2132 parte.
1523 2087 1604 2120 cavi
1630 2087 1865 2121 abdominalis
1883 2086 1920 2120 in
1946 2098 2012 2121 vas
2040 2088 2205 2122 (10101005
2231 2090 2344 2121 11305·

125 2163 219 2193 0001.
279 2157 454 2201 Binum,
482 2159 538 2192 0111
565 2159 706 2204 quidem
740 2169 824 2203 pars
855 2158 1010 2191 anterior
1037 2159 1160 2201 (supra
1186 2155 1369 2190 testiculos
1397 2154 1607 2197 ascendens)
1635 2165 1805 2187 vasorum
1832 2154 2068 2188 deferentium
2095 2155 2344 2196 evanescebat,

125 2227 245 2260 itidem
271 2227 379 2260 talem
405 2238 537 2259 nexum
564 2226 749 2259 lateralem
774 2225 992 2269 suspicatur,
1020 2235 1101 2258 cum
1129 2223 1189 2257 alii
1217 2223 1368 2256 eundem
1395 2222 1431 2255 in
1457 2221 1554 2255 ranis
1582 2221 1978 2255 animadvertissent—
2005 2220 2050 2256 In
2076 2220 2169 2255 Mol
2178 2232 2230 2267 ge
2256 2225 2344 2255 tae-

124 2295 253 2327 niata
287 2294 370 2336 (tab.
380 2293 513 2335 XVII,
540 2294 598 2338 fig.
616 2293 665 2336 V)
693 2293 885 2326 illiusmodi
911 2303 1000 2326 vasa
1026 2290 1225 2325 deferentia
1250 2290 1346 2323 haud
1374 2289 1617 2331 inveniebam3
1651 2288 1827 2322 sacculi
1855 2288 2186 2322 membranacei
2213 2292 2344 2331 autem,

123 2361 409 2406 nigro-alboque
436 2361 558 2394 lineati
586 2360 661 2404 (14)
692 2360 830 2405 (quales
858 2360 965 2393 etiam
990 2359 1026 2392 in
1052 2357 1203 2403 figuraI
1231 2358 1277 2391 ad
1306 2356 1352 2390 14
1379 2357 1578 2400 adparent),
1606 2356 1652 2389 ad
1678 2355 1876 2400 marginem
1902 2360 2089 2390 externum
2114 2367 2239 2390 renum
2266 2356 2343 2399 (20)

124 2429 200 2470 siti,
241 2439 396 2472 superne
429 2439 522 2472 pone
549 2427 734 2462 testiculos
762 2427 1020 2468 ascendebant,
1055 2426 1193 2459 inferne
1228 2427 1365 2467 autem,
1409 2423 1525 2457 canali
1551 2422 1652 2456 brevi
1689 2423 1769 2456 albo
1798 2422 1906 2465 (12),
1941 2423 1978 2456 in
2004 2424 2161 2457 cloacam
2188 2423 2343 2458 hiabant.

123 2494 323 2530 Credebam
350 2495 511 2540 quidem,
553 2494 643 2529 haec
676 2495 901 2529 sacculorum
936 2494 1141 2528 striatorum
1176 2491 1311 2526 orificia
1346 2491 1473 2525 eadem
1509 2501 1589 2523 0550
1623 2501 1703 2523 011111
1737 2490 1880 2523 orificiis
1906 2501 2075 2524 vasorum
2109 2490 2345 2524 deferentium

124 2562 266 2608 Molges
292 2563 471 2607 palustris,
499 2573 609 2606 supra
637 2562 713 2605 jam
740 2561 943 2605 descriptis,
977 2572 1068 2594 vasa
1094 2560 1293 2594 deferentia
1317 2559 1396 2602 ipsa
1422 2557 1565 2602 Molges
1592 2557 1787 2599 taeniatae,
1822 2569 1844 2591 a
1869 2569 1927 2591 me
1953 2558 2198 2600 examinatae,
2226 2561 2345 2591 autem

124 2630 276 2665 sacculis
302 2631 353 2663 ita
378 2629 482 2674 quasi
507 2628 688 2673 implicata
713 2639 812 2670 esse,
854 2631 895 2662 ut
920 2639 964 2661 ea
991 2627 1193 2661 discernere
1219 2626 1315 2659 haud
1341 2624 1536 2669 potueri1n3
1580 2624 1644 2657 sed
1670 2622 1850 2666 RATHKE,
1885 2635 1966 2669 pag.
1983 2624 2050 2667 85,
2086 2625 2259 2658 orificium
2284 2636 2344 2668 pe-

124 2698 257 2732 culiare
284 2697 461 2730 canalium
489 2696 689 2739 (linearum)
717 2696 880 2729 alborum
906 2695 1131 2728 sacculorum
1153 2693 1259 2736 juxta
1293 2692 1466 2726 orificium
1491 2702 1662 2725 vasorum
1689 2691 1925 2725 deferentium
1951 2692 1987 2725 in
2014 2693 2138 2726 cloaca
2163 2691 2343 2725 invenisse

125 2765 323 2808 contendit3
356 2763 526 2798 RUSCOM
554 2763 671 2805 etiam,
698 2773 779 2808 pag.
799 2762 859 2805 62,
888 2761 1060 2796 orificium
1078 2772 1202 2795 eorum
1227 2760 1409 2805 peculiare
1435 2759 1569 2794 vidisse
1595 2758 1748 2793 videtur.
1801 2758 1906 2792 Licet
1922 2762 2039 2793 autem
2058 2770 2190 2792 nexum
2216 2758 2343 2792 horum

125 2833 349 2866 sacculorum
375 2842 456 2865 cum
490 2830 586 2864 vasis
620 2830 863 2864 deferentibus
896 2829 993 2863 haud
1027 2840 1154 2862 eruere
1187 2827 1382 2873 potuerim,
1425 2826 1577 2871 licetque
1609 2826 1743 2860 sacculi
1777 2827 1910 2860 arctius
1944 2837 2024 2860 cum
2056 2826 2201 2860 renibus
2237 2835 2344 2871 quam

127 2910 208 2933 cum
234 2899 393 2943 partibus
421 2898 634 2943 genitalibus
656 2898 771 2941 juncti
797 2897 885 2939 sint,
928 2896 1157 2930 nihilominus
1185 2896 1230 2929 ad
1256 2899 1376 2940 partes
1412 2894 1588 2938 genitales
1613 2894 1808 2937 pertinent,
1849 2897 1885 2927 et
1910 2893 2053 2938 quidem
2079 2893 2126 2927 ad
2152 2893 2342 2934 masculas,

128 2978 209 3001 cum
234 2966 377 3000 10101015
404 2966 531 2999 desint.
583 2963 645 2999 DU
667 2964 749 2998 FAY
777 2976 840 2998 eos
866 2975 931 3008 pro
965 2963 1188 2998 vesiculis
1217 2961 1518 2996 seminalibus
1544 2960 1670 3002 habet,
1708 2972 1787 2994 cum
1815 2961 1988 3004 liquorem
2014 2960 2051 2993 in
2078 2959 2129 2993 eis
2155 2959 2342 3002 invenerit,

126 3034 255 3079 liquori
281 3044 452 3067 vasorum
479 3032 714 3066 deferentium
741 3031 968 3065 simillimum.
1020 3029 1160 3065 MONRO
1189 3040 1313 3063 eorum
1338 3028 1552 3062 mentionem
1578 3028 1666 3062 facit
1691 3028 1758 3061 sub
1784 3027 1926 3061 nomine
1954 3026 2114 3072 organi
2140 3038 2194 3061 ex
2220 3026 2343 3060 tubis

129 3100 346 3142 conflati,
387 3099 550 3133 semini
590 3099 808 3132 diluendo
848 3099 1071 3144 liquorem
1105 3100 1252 3142 aptum
1291 3094 1576 3130 secernentis
1611 3098 1654 3128 et
1687 3094 1740 3128 ad
1773 3094 2019 3139 margine-m
2051 3093 2166 3128 recti
2199 3094 2342 3128 01100-

129 3168 290 3202 (100115.
343 3166 555 3201 PERRAULT
582 3170 762 3210 nuncupat
788 3177 850 3200 eos
883 3166 951 3200 les
983 3165 1110 3199 reins
1143 3162 1478 3204 500000101105,
1523 3161 1708 3206 additque,
1748 3173 1813 3195 eos
1846 3173 1927 3196 cum
1952 3161 2098 3196 renibus
2134 3161 2343 3204 conjunctos

130 3246 211 3269 esse
236 3246 366 3280 magna
391 3234 614 3269 multitudine
640 3244 821 3266 ramorum
847 3243 1100 3274 nervosorum,
1138 3231 1198 3277 qui
1224 3231 1320 3264 haud
1346 3240 1435 3263 vasa
1460 3240 1540 3262 0550
1566 3229 1783 3263 viderentur.
1851 3227 2000 3271 CARUS,
2035 3239 2116 3273 pag.
2144 3226 2235 3268 641,
2277 3237 2341 3260 eos

130 3301 366 3336 vesiculas
399 3301 644 3336 seminales
678 3300 843 3344 appellat.
895 3299 1076 3341 ΒΑΤΗΚΕ,
1117 3310 1198 3344 pag.
1214 3297 1263 3332 85
1290 3301 1325 3330 et
1351 3296 1410 3338 88,
1438 3296 1617 3337 concedit,
1651 3307 1731 3338 eos,
1765 3295 1904 3330 ratione
1929 3295 2139 3336 functionis,
2173 3292 2341 3327 vesiculis

130 3369 360 3403 seminalibus
386 3369 538 3413 plurium
564 3367 805 3402 mammalium
831 3368 1059 3411 respondere,
1086 3378 1167 3400 cum
1194 3368 1313 3399 autem
1338 3365 1456 3398 1011113
1481 3363 1672 3397 vesiculari
1695 3366 1850 3406 careant,
1879 3374 1942 3397 eos
1969 3360 2246 3406 appendices
2271 3371 2340 3393 va-

130 3447 278 3470 sorum
305 3436 609 3469 deferentium
636 3435 809 3479 appellat,
848 3434 1031 3478 additque,
1067 3433 1134 3467 1100
1161 3443 1320 3477 organon
1347 3442 1414 3464 nec
1441 3430 1476 3463 in
1502 3430 1557 3464 his
1584 3430 1814 3471 animalibus,
1848 3442 1913 3463 nec
1939 3430 1975 3462 in
2000 3428 2143 3462 homine
2170 3430 2205 3460 et
2230 3438 2340 3460 mam-

129 3503 292 3545 malibus,
320 3514 441 3536 semen
468 3503 660 3545 continere,
688 3502 751 3536 sed
778 3501 895 3545 potius
922 3501 1096 3545 liquorem
1123 3510 1322 3539 secernere,
1350 3498 1396 3531 ad
1420 3497 1587 3531 volumen
1614 3497 1757 3531 seminis
1774 3497 1976 3541 augendum
1998 3498 2118 3539 aptum
2146 3496 2194 3536 (V.
2210 3492 2339 3527 RA'rn-

130 3580 190 3604 xm
217 3574 405 3605 tractatum
431 3581 513 3614 pag.
531 3570 596 3611 97,
631 3569 705 3612 98).
765 3568 932 3603 Ruscom
968 3567 1112 3602 canales
1146 3568 1247 3601 albos
1281 3566 1408 3599 horum
1442 3565 1666 3599 sacculorum
1702 3566 1796 3608 (pag.
1813 3563 1873 3605 62,
1900 3563 1971 3596 tab.
1988 3561 2061 3604 lv,
2100 3561 2159 3606 fig.
2176 3559 2286 3595 VIII.
2312 3560 2338 3603 i)
