2534 3890
836 686 1614 742 GENUSVI.

585 876 1560 944 BOMBINATOR
1656 902 1859 944 MERR.

897 1220 937 1261 1.
1026 1220 1075 1261 Β.
1147 1218 1550 1262 IGNEUS.

320 1334 356 1368 V
355 1335 560 1370 errueoswx
569 1362 578 1375 ,
618 1336 769 1383 plantis
795 1337 984 1383 palmatis
992 1348 1007 1377 ;
1047 1333 1180 1370 subtus
1214 1336 1447 1370 mammiaco
1456 1356 1468 1362 -
1479 1340 1517 1370 el
1540 1336 1656 1384 nigro
1665 1357 1677 1363 -
1687 1338 1861 1372 eoeruleo
1871 1358 1883 1364 -
1892 1340 2120 1376 maculatus.

715 1470 842 1505 Rana
876 1471 1122 1516 variegata
1155 1475 1190 1504 et
1222 1470 1430 1505 bombina
1473 1470 1581 1505 LINN.

715 1537 841 1572 Rana
874 1538 1009 1583 ignea
1043 1538 1173 1572 SHAW.

713 1605 830 1640 Bufo
865 1607 1026 1651 igneus
1057 1605 1182 1640 LAUR.
1207 1604 1323 1639 SCHN.

711 1673 834 1707 Bufo
867 1673 1106 1707 bombinus
1140 1672 1261 1706 LATR.
1288 1670 1414 1706 DAUD.

712 1739 1014 1775 Bombinator
1046 1740 1209 1785 igneus
1249 1737 1376 1773 MERR.

260 1867 406 1941 Hujus
440 1899 572 1941 speciei
606 1898 863 1943 exemplarium
889 1900 1030 1944 copiam
1054 1909 1222 1944 magnam
1254 1907 1376 1932 coram
1408 1897 1544 1939 habeo,
1588 1907 1609 1930 e
1634 1896 1760 1932 stadiis
1793 1897 1998 1934 incrementi
2032 1901 2159 1945 variis,
2197 1905 2316 1949 qualia

108 1967 258 2001 ROESEL
286 1969 430 2012 egregie
456 1968 589 2011 pinxit,
624 1969 694 2002 tab.
720 1968 838 2002 XXII
870 1968 928 2013 fig.
955 1969 973 2002 1
1003 1971 1038 2000 et
1063 1966 1104 2009 3,
1137 1967 1218 2000 inde
1246 1966 1292 2000 ad
1318 1967 1389 2000 tab.
1406 1965 1546 1999 XXIII
1571 1965 1629 2010 fig.
1648 1964 1705 2000 15.
1756 1966 1948 2002 Individua
1973 1969 2155 2004 minima
2180 1971 2318 2007 inferne

111 2035 231 2069 albida
256 2039 337 2068 sunt
363 2035 474 2080 nigris
507 2036 675 2077 maculis,
713 2047 866 2080 superne
892 2034 1168 2080 nigro-cinerea
1193 2033 1354 2067 verrucis
1387 2033 1615 2078 paucioribus
1642 2044 1747 2078 quam
1781 2035 1911 2070 adulta.
1964 2035 2154 2071 Nonnullis
2187 2041 2269 2083 maj
2281 2053 2316 2073 0-

108 2114 200 2135 rum
226 2102 364 2135 inferne
392 2103 490 2135 color
514 2103 617 2136 fundi
648 2103 914 2147 rubro-igneus
941 2102 1131 2137 saturatior
1159 2104 1212 2134 est
1238 2104 1273 2133 et
1299 2100 1479 2133 ardentior
1512 2111 1617 2144 quam
1643 2101 1679 2133 in
1705 2101 1821 2145 figura
1847 2101 1869 2136 3
1904 2103 2047 2136 tabulae
2065 2103 2200 2147 XXII;
2241 2108 2314 2150 plu-

108 2170 206 2203 rimis
233 2174 351 2202 autem
378 2170 476 2203 color
501 2170 603 2203 fundi
629 2170 827 2204 abdominis
854 2170 890 2203 in
917 2169 1041 2214 spiritu
1069 2168 1140 2201 vini
1167 2171 1262 2200 totus
1295 2167 1331 2200 in
1358 2167 1513 2200 albidum
1547 2171 1781 2201 commutatus
1816 2173 1878 2202 est.
1939 2168 2102 2205 Maculas
2137 2183 2313 2217 nunquam

107 2236 226 2270 colore
253 2236 327 2269 vidi
355 2247 466 2281 aeque
500 2249 636 2280 cyaneo
671 2249 713 2271 ac
740 2237 890 2271 ROESEL
933 2248 994 2270 eas
1027 2235 1160 2280 pinxit,
1199 2235 1263 2268 sed
1296 2234 1436 2279 nigras,
1477 2234 1609 2278 passim
1646 2234 1824 2279 aliquanto
1859 2247 1939 2269 cum
1972 2238 2137 2271 coeruleo
2172 2240 2311 2275 mixtas.

105 2303 270 2348 Superne
297 2304 395 2338 color
422 2308 475 2337 est
502 2304 786 2350 cinereo-niger.
834 2304 1019 2339 verrucae
1046 2305 1127 2337 sunt
1148 2301 1307 2346 plurimis
1334 2301 1568 2347 confertiores
1594 2312 1701 2345 quam
1718 2300 1867 2335 ROESEL
1895 2314 1956 2337 eas
1984 2304 2154 2339 exhibuit.
2188 2306 2311 2341 Macu-

105 2371 176 2404 lam
203 2381 266 2404 seu
293 2381 413 2404 aream
439 2372 646 2413 rotundam,
683 2373 818 2413 levem,
854 2372 986 2415 absque
1012 2370 1189 2411 verrucis,
1225 2369 1364 2413 qualem
1390 2367 1540 2401 ROESEL
1574 2379 1666 2411 pone
1700 2372 1885 2413 utrumque
1921 2371 2061 2404 oculum
2087 2373 2200 2415 pinxit
2227 2375 2311 2413 <for-

106 2448 171 2471 san
196 2438 350 2482 parotidi
377 2441 438 2471 aut
464 2442 629 2483 tympano
656 2439 941 2483 respondentem)
969 2438 1005 2471 in
1030 2438 1127 2471 nullo
1154 2440 1358 2469 nostrorum
1384 2436 1574 2468 multorum
1604 2435 1868 2470 individuorum
1885 2437 2001 2471 video.
2042 2437 2189 2473 Palmae
2216 2442 2312 2484 plan-

106 2509 234 2549 taeque
260 2505 398 2538 inferne
424 2506 524 2539 leves
551 2510 650 2548 sunt,
685 2507 818 2551 absque
845 2506 962 2547 callis,
1005 2516 1070 2538 nec
1096 2504 1165 2537 nisi
1191 2503 1411 2536 tuberculum
1438 2513 1587 2545 parvum
1621 2503 1667 2535 ad
1699 2504 1855 2537 radicem
1883 2504 1982 2548 digiti
2015 2506 2189 2541 interioris
2216 2509 2313 2551 plan-

104 2576 222 2605 tarum
248 2572 471 2616 conspicitur.
524 2573 675 2607 Maxilla
701 2573 863 2616 superior
890 2573 1052 2605 dentibus
1077 2571 1220 2604 minutis
1247 2569 1434 2603 subtilibus
1461 2569 1573 2602 acutis
1600 2574 1736 2602 armata
1763 2575 1827 2612 est,
1862 2573 2023 2615 quamvis
2050 2572 2236 2617 MERREM,
2265 2576 2313 2608 in-

104 2643 158 2672 ter
184 2638 409 2672 characteres
436 2640 596 2683 generis,
640 2640 817 2673 defectum
853 2639 1010 2672 dentium
1043 2637 1249 2681 susceperit.
1310 2635 1438 2680 Margo
1477 2636 1613 2669 anticus
1648 2637 1815 2670 maxillae
1850 2638 2027 2672 inferioris
2054 2640 2148 2674 haud
2174 2642 2311 2685 quidem

104 2705 344 2749 emarginatus
372 2710 443 2747 est,
479 2710 632 2740 attamen
666 2706 850 2740 tuberculo
879 2705 1081 2739 dentiformi
1107 2705 1308 2737 instructus.

254 2772 451 2814 Auctores‚
492 2784 513 2806 a
547 2772 754 2807 MERREMIO
783 2774 828 2807 ad
862 2773 954 2806 hanc
990 2771 1145 2815 speciem
1183 2770 1336 2810 laudati,
1379 2769 1675 2812 descriptionibus
1712 2774 1746 2803 et
1781 2770 1941 2805 iconibus
1976 2773 2065 2805 bene
2098 2784 2177 2806 eam
2211 2775 2308 2808 exhi-

109 2840 278 2881 buerunt,
313 2840 376 2873 sed
403 2838 529 2873 Rana
562 2841 887 2885 campanisona
923 2839 1046 2873 LAUR.
1075 2838 1209 2881 differt3
1242 2836 1425 2880 multoque
1459 2836 1575 2870 minus
1601 2835 1733 2883 *Rana
1768 2834 2030 2879 ΟΕΞΝΕΜΛΜ,
2072 2850 2176 2882 quam
2208 2840 2308 2875 LAU—

102 2915 215 2939 RENTI
243 2906 288 2940 ad
315 2907 602 2950 campanisonam
628 2908 803 2949 adhibuit,
845 2907 914 2940 huc
939 2906 1066 2940 referri
1091 2908 1217 2949 potest.
1276 2903 1333 2937 De
1360 2903 1414 2936 his
1443 2906 1477 2936 et
1503 2904 1547 2937 de
1573 2904 1693 2937 multis
1720 2904 1816 2946 aliis,
1859 2905 1903 2937 ad
1936 2906 2179 2948 synonymiam
2204 2907 2309 2951 hujus

103 2973 235 3018 speciei
261 2974 514 3017 spectantibus,
544 2975 689 3008 consule
716 2974 991 3008 ScuNElnEnUM
1020 2974 1085 3006 sub
1111 2972 1256 3006 Bufone
1284 2970 1401 3014 igneO.
1445 2968 1599 3003 DArmN
1628 2971 1729 3012 citat,
1758 2972 1803 3003 ad
1830 2971 2009 3004 individua
2033 2972 2176 3014 juniora
2204 2975 2309 3018 hujus

100 3040 249 3084 speciei,
284 3040 512 3074 Bufonem
548 3042 717 3075 salsum
744 3041 975 3082 Scummxn,
1019 3041 1142 3073 forsan
1170 3037 1264 3071 omni
1287 3037 1387 3080 jure;
1434 3036 1595 3080 quamvis
1623 3037 1714 3070 enim
1742 3036 1923 3070 SCHRAM(
1958 3038 2093 3072 Bufoni
2126 3041 2220 3074 salso
2248 3054 2306 3085 pe-

98 3106 162 3140 des
189 3118 311 3141 omnes
338 3108 441 3142 fissos
468 3109 647 3150 tribuerit,
684 3108 743 3153 qui
770 3109 816 3142 ad
841 3109 933 3142 hanc
959 3111 1117 3141 nostram
1151 3104 1305 3149 speciem
1338 3103 1433 3136 haud
1468 3103 1642 3147 quadrare
1675 3104 1897 3146 viderentur,
1937 3110 2091 3139 attamen
2124 3107 2213 3141 haec
2240 3109 2304 3142 dif-

98 3173 249 3207 ferentia
274 3175 419 3209 levioris
445 3176 614 3210 momenti
641 3180 712 3217 est,
747 3187 826 3209 cum
852 3175 1029 3208 nonnullis
1056 3172 1247 3206 individuis
1270 3171 1470 3214 junioribus
1497 3174 1530 3202 et
1557 3170 1751 3204 minoribus
1778 3172 1890 3205 nostri
1915 3174 2028 3207 musei
2055 3174 2154 3218 digiti
2180 3176 2305 3218 postici

97 3239 160 3273 vix
185 3241 437 3285 semipalmati,
483 3243 645 3277 omnibus
673 3248 791 3276 autem
817 3243 927 3276 multo
955 3240 1196 3285 imperfectius
1229 3237 1375 3283 palmati
1402 3237 1469 3270 sint
1502 3247 1607 3281 quam
1641 3238 1780 3271 adultis.
1842 3238 1959 3273 Etiam
1986 3240 2203 3274 Limam
2232 3240 2301 3273 Ra-

96 3317 163 3339 nae
189 3307 378 3342 bombinae
403 3310 541 3354 plantas
569 3310 831 3354 semipalmatas
861 3309 982 3342 tribuit
1008 3328 1055 3332 —
1084 3306 1251 3340 MERREM
1280 3305 1498 3339 Bufonem
1526 3304 1695 3338 salsum
1721 3304 1933 3339 Scfflmmffl
1961 3308 2006 3340 ad
2032 3307 2074 3339 B.
2102 3308 2299 3341 calamitam

95 3373 272 3415 adhibuit,
307 3386 330 3408 a
354 3386 423 3419 quo
451 3384 569 3411 autem
596 3378 715 3412 colore
742 3376 859 3410 differt
884 3396 931 3401 —
969 3372 1122 3409 GnmN
1148 3373 1267 3418 inepte
1294 3370 1461 3405 Ranam
1486 3371 1660 3406 fuscam
1693 3383 1773 3406 eum
1800 3372 1867 3406 hac
1903 3374 2020 3416 specie
2054 3374 2246 3416 conjunxit.
