2534 3890
209 190 273 233 64
1129 184 1502 221 BATRAGHIA.

209 305 253 334 tu
266 302 287 335 b
297 312 316 334 e
324 312 343 334 r
351 312 370 334 c
378 311 401 334 u
409 300 421 333 1
430 300 441 332 i
449 311 466 333 s
500 299 588 332 trib
598 309 621 331 u
630 309 647 331 s
681 298 704 332 d
713 309 762 332 en
772 298 858 332 tiso
866 298 946 332 rmi
955 299 976 332 b
985 308 1009 331 u
1017 308 1035 330 s
1043 321 1053 337 ,
1089 294 1435 338 subprominentibus
1447 317 1457 335 ,
1496 293 1668 327 instructa
1701 299 1764 329 est.
1825 294 1855 328 P
1866 306 1886 328 e
1896 295 1918 328 d
1928 306 1948 328 e
1957 305 1975 328 s
2011 294 2137 338 postici
2170 295 2310 329 circiter
2335 296 2409 329 lon-

208 368 365 412 gitudine
391 365 550 410 corporis
560 390 570 407 ,
614 369 675 399 aut
706 365 813 410 paulo
846 365 1026 409 longiores
1035 387 1045 404 ,
1082 365 1165 396 sunt
1190 381 1237 386 —
1283 360 1392 399 Quod
1426 361 1472 394 ad
1506 372 1525 394 c
1534 372 1554 393 o
1565 360 1606 393 lo
1615 371 1634 393 r
1642 371 1661 393 e
1669 371 1702 394 m
1714 386 1724 403 ,
1766 362 1958 396 varietates
1984 365 2136 406 quatuor
2170 362 2279 405 paulo
2306 374 2408 397 accu-

207 435 318 468 ratius
351 432 558 466 describam.

355 498 388 533 1.
440 498 703 544 Longitudo
731 499 778 542 12}
795 518 841 522 —
868 497 945 531 fere
972 495 994 530 3
1011 495 1189 540 pollicum.
1242 495 1449 540 Superne
1476 493 1634 528 albicans
1669 498 1730 527 aut
1755 494 1946 538 ssavicans3
1989 495 2136 529 maculis
2162 496 2301 539 magnis
2326 495 2408 529 viri-

203 566 325 608 dibus,
362 566 539 600 interdum
566 566 707 600 cinereo
735 569 795 598 aut
820 564 922 608 nigro
949 563 1088 606 mixtis,
1124 563 1400 607 irregularibus,
1440 561 1573 606 passim
1607 561 1883 603 confluentibus,
1919 563 2125 608 plerumque
2151 563 2258 596 limbo
2284 563 2409 596 lineari

201 633 303 678 nigro
329 633 548 678 marginatis.
600 632 769 667 Plurimis
796 641 1022 664 verrucae
1047 641 1200 675 magnae
1227 640 1380 674 superne
1405 632 1535 673 puncto
1563 628 1730 662 coccineo
1768 629 1914 662 centrali
1940 633 2083 663 notatae
2110 633 2208 671 sunt,
2250 629 2409 673 picturae

200 700 332 734 virides
359 704 477 734 autem
502 699 640 744 punctis
660 698 770 742 nigris
798 701 858 731 aut
880 697 992 732 fuscis
1019 698 1231 742 adspersae3
1257 696 1374 730 rarius
1401 696 1507 729 etiam
1534 696 1735 740 parotidum
1761 695 1921 739 picturae
1948 697 2050 730 albae
2070 697 2208 740 punctis
2235 697 2409 730 similibus

199 778 414 812 conspersae
440 770 532 808 sunt,
567 776 717 810 quorum
743 765 918 809 quaedam
944 776 1031 809 poro
1058 765 1239 808 perforata
1267 775 1346 797 esse
1373 763 1547 797 videntur.
1600 762 1788 797 Inferne
1814 774 1943 807 corpus
1969 763 2125 797 albidum
2151 766 2212 797 aut
2236 764 2408 798 ssavicans

198 838 269 877 est,
296 834 473 878 plerisque
498 833 578 876 plus
604 832 719 866 minus
744 832 846 876 nigro
857 851 869 857 -
880 835 942 865 aut
974 832 1116 865 cinereo
1128 850 1141 856 —
1150 831 1376 864 maculatum.

346 900 381 934 2.
434 899 466 933 L
477 910 529 932 on
540 910 564 944 g
573 899 585 932 i
595 903 640 932 tu
649 899 671 933 d
680 910 701 932 o
735 899 784 940 2÷
806 899 985 944 pollicum.
1045 897 1073 932 S
1082 909 1105 931 u
1117 909 1138 941 p
1148 910 1165 931 r
1174 910 1196 932 a
1230 898 1348 943 griseo
1361 917 1373 923 -
1385 903 1420 931 et
1455 897 1680 941 nigrogriseo
1691 917 1703 923 -
1715 901 1949 940 marmorata,
1988 897 2040 930 ita
2071 900 2111 930 ut
2144 896 2241 930 color
2267 897 2407 942 griseus

196 967 307 1001 colori
333 967 433 1008 albo,
460 966 736 1011 nigro-griseus
764 970 883 1000 autem
909 965 1015 999 viridi
1036 965 1220 999 varietatis
1247 965 1381 1009 primae
1408 965 1636 1009 respondeat.
1688 963 1917 999 Verrucae
1943 964 2117 1009 plurimae
2143 975 2252 1009 supra
2276 968 2407 1008 puncto

194 1035 275 1068 albo
301 1037 445 1067 notatae.
472 1037 571 1076 sunt,
608 1033 781 1078 quaedam
808 1038 927 1067 autem
952 1036 1083 1077 puncto
1110 1033 1474 1074 sammetino-fusco,
1510 1032 1701 1066 nonnullae
1727 1033 1886 1076 pluribus
1913 1032 2035 1066 talium
2063 1035 2290 1076 punctorum,
2325 1042 2406 1076 pas-

192 1101 259 1135 sim
278 1112 419 1146 quoque
445 1101 607 1135 maculae
624 1100 899 1145 griseo-nigrae
925 1099 1063 1144 punctis
1090 1100 1201 1144 nigris
1227 1099 1390 1141 minutis,
1417 1111 1483 1133 nec
1509 1111 1596 1133 vero
1625 1110 1736 1144 aeque
1763 1100 1933 1134 confertis
1960 1111 2003 1133 ac
2028 1099 2063 1132 in
2090 1099 2263 1132 varietate
2279 1099 2404 1143 prima,

191 1179 405 1212 conspersae
431 1172 523 1202 sunt.
576 1167 743 1202 Maculae
768 1179 921 1212 magnae
949 1167 1073 1211 capitis
1100 1168 1300 1211 pedumque
1325 1167 1420 1200 linea
1453 1166 1558 1211 nigra
1590 1167 1898 1210 circumscriptae,
1932 1170 2188 1210 praetereaque
2214 1166 2329 1199 nitore
2355 1166 2404 1199 al-

189 1236 272 1269 bido
299 1235 466 1269 limbatae
493 1239 576 1269 sunt
601 1256 648 1259 —
675 1234 830 1269 PALLAS
857 1235 988 1276 refert,
1015 1234 1178 1268 Bufones
1205 1234 1357 1276 virides,
1392 1234 1427 1267 in
1454 1234 1616 1278 spiritum
1642 1233 1717 1267 vini
1745 1234 1953 1275 immersos,
1988 1234 2145 1267 colorem
2171 1232 2404 1277 nigricantem

188 1303 355 1346 induere3
390 1302 477 1336 mihi
504 1306 623 1336 autem
648 1302 775 1347 viginti
808 1302 1022 1346 specimina,
1058 1312 1122 1345 per
1155 1302 1275 1346 plures
1303 1313 1415 1335 annos
1451 1301 1486 1334 in
1512 1301 1648 1346 liquore
1684 1301 1753 1335 isto
1786 1301 1971 1343 immersa,
2015 1301 2172 1334 colorem
2206 1300 2403 1333 naturalem

187 1370 337 1403 viridem
362 1369 586 1404 immutatum
613 1370 744 1414 optime
771 1372 1093 1412 conservaverunt3
1132 1369 1201 1404 tria
1226 1369 1411 1403 individua
1443 1368 1627 1403 varietatis
1663 1368 1842 1403 secundae
1867 1368 1943 1402 vita
1966 1368 2043 1412 jam
2069 1368 2227 1402 colorem
2252 1366 2403 1401 viridem

186 1441 373 1471 exuerant.

335 1503 369 1538 3.
420 1503 715 1538 Individuum
750 1503 1014 1545 sibiricum,
1065 1515 1087 1537 a
1120 1502 1444 1538 LicuTENsTElNlo
1478 1503 1745 1546 transmissum,
1791 1503 1885 1537 notis
1921 1503 2148 1548 quibusdam,
2190 1502 2274 1536 licet
2306 1501 2403 1535 haud

182 1570 371 1615 gravibus,
415 1572 460 1604 ab
494 1571 672 1616 indigenis
707 1571 834 1605 differt.
894 1570 1159 1615 Longitudo
1195 1571 1243 1614 2}
1266 1571 1445 1615 pollicum.
1505 1570 1696 1604 Statura
1729 1574 1764 1604 et
1799 1571 2047 1616 proportio
2082 1570 2236 1616 partium
2269 1568 2401 1614 speciei

181 1638 389 1682 indigenae,
431 1639 653 1682 parotidis
686 1639 770 1672 lobo
798 1639 967 1672 inferiore
1001 1639 1124 1672 forsan
1151 1639 1257 1682 paulo
1292 1639 1430 1672 latiore.
1498 1637 1733 1672 Verrucae
1767 1641 1802 1671 et
1835 1639 2028 1682 granula
2062 1638 2154 1671 sicut
2189 1637 2225 1671 in
2250 1637 2400 1680 nostris3

180 1705 340 1739 verrucis
368 1706 569 1739 dorsalibus
596 1710 714 1739 autem
742 1718 784 1739 eo
812 1707 910 1747 loco,
953 1706 1014 1739 ubi
1041 1710 1163 1739 nostra
1190 1706 1373 1739 individua
1398 1709 1528 1750 puncto
1555 1691 1658 1740 fusco
1693 1709 1754 1739 aut
1779 1705 1946 1739 coccineo
1973 1709 2097 1739 notata
2122 1708 2220 1747 sunt,
2265 1704 2399 1739 scrobi-

179 1773 260 1805 culo
287 1784 399 1816 parvo
426 1773 628 1817 perforatis.
683 1771 824 1806 Color
850 1784 1002 1817 superne
1029 1773 1302 1818 griseo-niger,
1337 1773 1487 1806 maculis
1515 1773 1780 1807 obscurioribus
1807 1772 2026 1815 dorsalibus,
2065 1771 2253 1814 obsoletis,
2287 1771 2399 1805 mino-

176 1839 275 1873 ribus
302 1851 409 1884 quam
435 1839 471 1873 in
497 1840 646 1882 nostris,
681 1851 747 1874 nec
774 1841 1053 1884 confluentibus3
1086 1841 1236 1874 maculis
1263 1840 1389 1884 capitis
1416 1844 1556 1881 autem,
1591 1851 1656 1873 nec
1682 1851 1753 1873 non
1779 1840 1980 1884 parotidum
2010 1843 2045 1873 et
2069 1840 2218 1884 pedum,
2256 1839 2398 1872 distinc-

177 1906 345 1949 tim-ibus,
382 1907 493 1940 multo
531 1907 727 1941 minoribus
755 1919 861 1952 quam
888 1908 924 1941 in
950 1908 1099 1949 nostris,
1150 1908 1364 1952 saepiusque
1390 1908 1426 1940 in
1451 1908 1571 1951 plures
1598 1907 1757 1940 maculas
1783 1907 1938 1941 minores
1966 1910 2001 1940 et
2025 1910 2157 1951 puncta
2182 1906 2321 1949 majora
2347 1906 2398 1939 di-

176 1973 274 2007 visis.
327 1972 513 2016 Maculae,
540 1975 632 2008 sicut
657 1975 693 2007 in
720 1978 842 2008 nostra
861 1975 1036 2008 varietate
1062 1975 1237 2017 secunda,
1264 1975 1621 2019 nigro-marginatae
1649 1978 1683 2008 et
1710 1974 1991 2008 albo-limbatae
2018 1977 2111 2008 sunt.
2146 1973 2293 2008 Inferne
2320 1984 2396 2007 cor-

174 2051 242 2085 pus
268 2041 363 2074 ssavo
374 2060 386 2066 -
396 2041 555 2085 griseum
581 2042 765 2075 sordidum
792 2045 864 2084 est,
908 2045 1053 2086 pectore
1088 2042 1346 2086 abdomineque
1373 2042 1523 2075 maculis
1550 2041 1671 2085 parvis
1698 2042 1802 2086 nigro
1812 2061 1825 2067 —
1834 2041 1986 2075 cinereis
2014 2041 2195 2085 dispersis.

326 2106 361 2142 4.
414 2107 434 2142 Ι
443 2120 465 2141 ιι
473 2108 517 2141 di
527 2109 602 2142 vid
611 2120 633 2142 u
642 2120 666 2142 u
675 2120 710 2142 m
736 2120 758 2142 a
766 2121 785 2142 e
795 2121 848 2153 gy
856 2120 877 2153 p
887 2109 951 2142 tia
961 2121 979 2142 c
987 2120 1011 2143 u
1020 2120 1055 2142 m
1063 2133 1074 2151 ,
1103 2109 1199 2153 quod
1224 2109 1346 2142 itidem
1373 2108 1695 2143 me-ms'rfflmo
1723 2109 1893 2143 debemus
1901 2134 1911 2152 ,
1939 2109 2033 2143 notis
2059 2109 2220 2153 pluribus
2247 2107 2397 2142 discedit

174 2175 218 2209 ab
237 2174 424 2219 indigenis.
476 2174 739 2220 Longitudo
769 2176 814 2216 1÷
831 2176 1010 2220 pollicum.
1045 2175 1278 2210 Verrucac.
1305 2176 1396 2209 sicut
1422 2176 1457 2209 in
1483 2177 1799 2220 praecedentibus3
1836 2177 1996 2211 dorsales
2016 2180 2134 2210 autem
2156 2179 2286 2220 puncto
2313 2186 2394 2209 cen-

172 2242 253 2275 trali
286 2252 424 2276 croceo.
485 2241 632 2287 Caput
666 2254 821 2287 superne
849 2244 1087 2287 deplanatum.
1140 2242 1392 2277 parotides
1427 2244 1551 2277 ovales
1579 2244 1781 2286 breviores,
1828 2245 1928 2289 digiti
1962 2248 2081 2278 autem
2114 2243 2322 2288 graciliores
2356 2245 2392 2275 et

171 2309 352 2354 longiores
385 2320 492 2354 quam
525 2310 561 2342 in
599 2311 902 2344 antecedentibus.
963 2309 1104 2344 Color
1137 2322 1291 2354 superne
1324 2311 1468 2344 sordide
1502 2311 1622 2353 albus,
1665 2311 1813 2345 maculis
1848 2312 1986 2356 magnis
2021 2311 2276 2356 irregularibus
2309 2321 2391 2343 con-

169 2376 359 2410 fluentibus
379 2376 645 2421 viridi-nigris,
674 2380 753 2419 aut,
789 2377 819 2410 si
845 2377 978 2419 mavis,
1014 2378 1272 2421 viridi-niger,
1301 2378 1448 2421 picturis
1474 2379 1619 2412 venosis
1648 2378 1738 2412 albis
1768 2380 2114 2412 anastomosantibus
2142 2381 2390 2412 mal-moratus.

172 2442 348 2477 Distincte
374 2447 493 2477 autem
520 2445 565 2477 ab
592 2444 693 2487 apice
720 2444 864 2488 capitis,
910 2455 1018 2488 supra
1052 2444 1208 2477 medium
1235 2444 1350 2486 dorsi,
1395 2445 1440 2477 ad
1474 2456 1583 2478 anum
1608 2456 1742 2490 usque,
1782 2446 1878 2479 linea
1912 2446 2069 2479 excurrit
2095 2446 2195 2487 alba,
2230 2445 2390 2479 crassitie

170 2510 267 2543 haud
292 2510 423 2555 ubique
450 2511 611 2555 aequali,
640 2522 719 2544 cum
745 2511 892 2556 reliquis
918 2511 1064 2555 picturis
1091 2512 1180 2544 albis
1207 2511 1340 2555 passim
1367 2512 1559 2546 confluens.
1612 2511 1758 2546 Inferne
1786 2525 1915 2557 corpus
1943 2514 2137 2547 eburneum
2165 2516 2236 2554 est,
2270 2512 2389 2556 nigro-

170 2577 387 2610 maculatum
414 2597 462 2602 —-—
488 2577 570 2612 Hoc
595 2578 815 2612 individuum
841 2578 961 2623 itaque
996 2578 1110 2622 capite
1138 2579 1362 2622 depressiore
1401 2583 1435 2612 ct
1462 2580 1639 2622 acutiore,
1681 2581 1901 2624 parotidibus
1930 2581 2092 2614 ovalibus
2120 2584 2155 2613 et
2180 2579 2388 2621 minoribus,

170 2644 289 2688 digitis
315 2644 537 2689 longioribus
564 2645 900 2690 gracilioribusque,
937 2646 1034 2679 linea
1061 2646 1144 2679 alba
1169 2646 1416 2690 longitudinali
1443 2647 1576 2680 (lorsali
1602 2647 1784 2689 distincta,
1813 2659 1834 2681 a
1859 2648 1951 2682 Buf
1958 2659 1978 2681 o
1990 2659 2042 2681 ne
2068 2647 2290 2681 variabili
2329 2647 2387 2679 in-

168 2710 336 2755 digeno
364 2712 552 2756 discrepat.
604 2712 721 2746 Linea
747 2713 830 2746 alba
855 2713 1008 2754 dorsali,
1051 2724 1118 2746 nec
1144 2724 1215 2746 non
1242 2714 1463 2757 parotidibus
1489 2714 1704 2756 minoribus,
1740 2715 1884 2759 propius
1918 2715 2055 2749 accedit
2091 2715 2136 2748 ad
2162 2714 2386 2748 Bufonem

169 2778 448 2820 calamitam,
493 2779 558 2813 sed
585 2780 775 2823 digitorum
808 2780 1007 2824 capitisque
1032 2780 1150 2813 forma
1183 2783 1218 2813 et
1250 2781 1498 2824 proportione,
1539 2793 1606 2815 nec
1639 2793 1710 2815 non
1737 2782 1882 2826 reliquis
1910 2783 2075 2829 picturis,
2114 2782 2278 2826 lineaque
2306 2781 2385 2814 dor-

168 2845 234 2878 sali
261 2845 344 2879 alba
369 2845 466 2879 haud
492 2846 666 2890 impressa
692 2847 756 2880 sed
783 2847 908 2891 plana,
947 2846 1064 2880 differt
1090 2867 1137 2871 —
1179 2846 1283 2880 Licet
1308 2847 1386 2880 aliis
1413 2849 1537 2881 forsan
1566 2848 1633 2882 hae
1661 2849 1881 2883 differentiae
1908 2850 2113 2883 sufficereut
2146 2849 2192 2882 ad
2226 2859 2386 2881 novam

168 2912 364 2954 speciem
391 2913 695 2956 constituendam,
733 2925 800 2958 ego
828 2917 947 2947 tamen
972 2913 1065 2947 hunc
1092 2914 1272 2947 Bufonem
1299 2915 1546 2958 aegyptiacum
1572 2927 1652 2949 cum
1678 2917 1842 2950 variabili
1869 2917 2085 2961 conjungere
2111 2916 2236 2957 malui,
2271 2915 2383 2958 suspi—

168 2988 230 3010 cor
257 2978 367 3021 enim,
396 2980 521 3023 capitis
540 2981 692 3014 formam
719 2980 925 3024 depressam
951 2984 986 3014 et
1012 2981 1205 3026 digitoriun
1231 2981 1465 3025 gracilitatem
1492 2994 1511 3015 e
1538 2986 1632 3016 statu
1658 2985 1953 3027 praeternaturali
1979 2985 2158 3028 profectas
2186 2994 2282 3023 esse,
2310 2982 2382 3015 for-

168 3054 233 3077 san
260 3055 280 3077 e
306 3046 489 3088 pressione
516 3050 665 3081 externa
698 3051 847 3093 cuteque
881 3048 1063 3082 exsiccata
1089 3052 1124 3082 et
1150 3051 1358 3093 corrugata,
1400 3060 1480 3082 cum
1508 3050 1658 3083 eandem
1685 3051 1923 3085 conditionem
1956 3062 2094 3095 quoque
2131 3051 2166 3083 in
2199 3049 2382 3082 individuo

166 3110 294 3144 nubico
320 3110 474 3146 Bufonis
499 3114 631 3148 cinerei
658 3115 716 3158 (de
742 3126 811 3159 quo
839 3126 947 3159 supra
973 3119 1090 3149 actum
1117 3118 1184 3158 est)
1213 3116 1464 3158 observemus,
1501 3117 1616 3161 quod,
1661 3129 1740 3151 cum
1767 3118 1836 3152 hoc
1861 3118 2046 3160 variabili,
2089 3128 2160 3150 una
2187 3117 2381 3161 eademque

165 3177 225 3210 via
251 3188 297 3211 ex
323 3177 451 3213 Africa
477 3180 512 3213 in
545 3185 705 3215 nostrum
738 3193 901 3217 museum
926 3182 1099 3227 pervenit.

314 3294 366 3328 ll.
422 3294 549 3330 Pulli
583 3301 617 3330 et
649 3298 827 3331 larvae:

315 3378 347 3412 1.
400 3379 582 3414 Larvae
609 3381 851 3422 caudatae,
887 3382 1094 3426 bipedes:
1140 3382 1289 3417 Statura
1315 3389 1349 3417 et
1375 3385 1491 3418 forma
1518 3386 1626 3419 larvis
1646 3386 1798 3420 Bufonis
1824 3386 1955 3420 cinerei
1982 3384 2159 3419 Rom-:Lu
2188 3387 2257 3419 tab.
2279 3384 2374 3418 XXI

166 3444 223 3487 fig.
240 3444 289 3478 20
314 3447 545 3489 respondent,
583 3448 689 3491 paulo
717 3452 871 3482 attamen
896 3450 1053 3493 majores
1079 3454 1170 3484 sunt.
1227 3449 1337 3484 Color
1363 3463 1470 3495 supra
1497 3453 1795 3497 nigro-cinereus
1821 3454 1969 3487 maculis
1996 3454 2207 3497 quibusdam
2233 3452 2373 3495 majori-

168 3511 233 3544 bus
260 3510 534 3557 irregularibus,
574 3516 670 3550 infra
695 3516 1019 3551 cinereo-albidus.
