2632 3890
243 121 305 165 36
1159 113 1537 149 BATRAcnlA.

390 228 489 261 Inter
515 234 638 258 omnes
663 233 832 256 ranarum
858 222 980 256 icones
1007 227 1040 256 et
1067 221 1342 265 descriptiones,
1387 234 1476 267 quas
1503 222 1666 256 conferre
1692 222 1777 255 mihi
1813 222 1929 265 licuit,
1972 222 2105 256 nullam
2138 221 2260 254 inveni
2289 222 2334 255 ad
2360 221 2451 255 lianc

241 301 397 331 nostram
432 302 556 326 ranam
589 290 676 324 satis
712 290 955 335 quadrantem.
1005 288 1203 322 MERREMH
1240 289 1433 333 diagnoses
1468 289 1623 323 Ranae
1660 289 1859 332 tigrinae
1896 294 1930 323 et
1966 289 2121 323 Ranae
2154 288 2453 332 vespertinae

240 363 371 409 speciei
397 362 541 393 nostrae
565 358 785 402 respondere
811 358 997 397 videntur3
1038 355 1103 388 sed
1137 355 1327 400 tigrina,
1364 358 1560 391 secundum
1595 356 1869 399 descriptionem
1896 360 1930 389 et
1957 357 2115 398 iconem,
2151 356 2187 389 in
2215 366 2324 399 opere
2350 353 2454 389 ΒΜ]-

239 439 332 464 D1N11
369 427 500 468 editas,
543 425 684 470 penitus
718 425 855 465 differt,
892 422 1079 467 potiusque
1107 422 1152 456 ad
1178 427 1337 457 nostram
1363 423 1537 458 Ranam
1573 423 1739 467 pictam
1772 423 1901 456 referri
1932 428 2064 467 posset.
2117 421 2175 457 De
2212 421 2337 456 Rana
2362 432 2455 454 ves-

237 495 419 541 pertina
452 496 573 527 autem
606 492 762 526 incertus
796 501 895 533 sum3
938 489 1045 523 dorso
1082 491 1344 525 subverrucoso
1382 496 1417 525 et
1443 492 1590 525 artubus
1623 489 1769 534 posticis
1796 489 1965 523 brevibus
2001 502 2082 524 cum
2107 494 2229 524 nostra
2254 490 2347 523 bene
2373 499 2456 521 con-

236 563 349 608 gruit3
393 561 459 595 sed
490 560 616 595 notitia
641 557 844 598 PALLAsu,
892 567 999 601 quam
1034 555 1255 591 Senmnmz
1280 559 1442 602 repetiit,
1479 558 1582 592 nimis
1617 560 1671 590 est
1706 557 1844 598 brevis,
1881 556 2068 601 quominus
2101 557 2349 591 certitudinem
2375 554 2457 588 inde

235 630 380 664 haurire
405 628 594 673 possimus.
646 625 785 659 Eodem
811 626 847 657 et
871 623 995 658 forsan
1027 625 1158 668 potiori
1187 626 1269 669 jure
1304 624 1409 659 Rana
1434 625 1641 670 vespertina
1675 624 1720 657 ad
1755 627 1913 658 nostram
1947 624 2142 666 fuscam,
2184 624 2279 669 apud
2312 634 2378 666 nos
2404 622 2456 656 in-

236 699 420 743 digenam,
455 693 617 728 adhiberi
641 695 777 736 potest,
822 691 866 724 de
894 702 964 736 qua
990 703 1098 736 supra
1129 692 1206 735 jam
1232 696 1351 727 actum
1385 696 1448 727 est.

384 761 612 798 Individuum
649 758 792 792 unicum
828 769 848 791 e
881 757 1011 792 Museo
1038 758 1258 803 Lampeano.

934 1071 977 1114 5.
1061 1074 1112 1114 R.
1176 1072 1756 1115 GRUNNIENS.

833 1198 979 1232 lem‘s
1008 1199 1223 1245 ymlmali3;
1264 1199 1474 1241 levissima,
1509 1197 1622 1233 dorso
1657 1199 1864 1234 maculato.

387 1337 576 1381 Speciuwn
605 1335 764 1370 unicum,
808 1345 873 1366 nec
900 1345 987 1367 vero
1015 1333 1111 1367 idem
1146 1335 1241 1378 quod
1268 1334 1303 1367 in
1330 1335 1480 1369 Uebers.
1509 1347 1541 1368 n.
1562 1334 1658 1369 5455
1694 1346 1774 1368 cum
1803 1333 2014 1378 grunniente
2049 1333 2274 1377 comparavi,
2312 1333 2460 1377 quadrat

237 1408 379 1452 quidem
407 1406 452 1438 ad
486 1405 626 1436 iconem
661 1406 694 1435 et
729 1401 1005 1444 descriptiones,
1052 1412 1139 1445 quas
1167 1400 1322 1435 DAUIHN
1352 1406 1386 1435 et
1413 1401 1635 1435 LATREILLE
1664 1403 1708 1435 de
1736 1402 1803 1435 hac
1830 1401 1950 1445 specie
1978 1401 2183 1443 ediderunt3
2218 1401 2316 1434 color
2343 1404 2462 1433 autem

236 1474 353 1508 differt
381 1477 431 1513 et,
460 1471 536 1504 sine
564 1470 671 1503 dubio
700 1469 841 1512 penitus
871 1472 1109 1502 commutatus
1136 1473 1171 1502 et
1198 1470 1393 1511 extinctus,
1430 1470 1559 1514 ubique
1587 1470 2021 1503 sordide-brunneo-aut
2057 1468 2359 1513 glauco-albidus
2396 1471 2461 1508 est,

237 1540 396 1584 exceptis
423 1538 570 1572 maculis
607 1549 673 1571 sex
707 1536 963 1580 irregularibus
1000 1536 1121 1579 parvis
1156 1537 1287 1579 fuscis,
1335 1537 1412 1570 sine
1450 1537 1574 1571 ordine
1611 1537 1647 1570 in
1684 1538 1792 1570 dorso
1820 1536 2002 1580 dispersis.
2055 1534 2196 1580 Corpus
2223 1539 2336 1569 totum
2362 1535 2462 1568 leve

237 1612 308 1650 est,
353 1606 549 1641 semoribus
577 1605 663 1637 solis
690 1603 801 1645 infra,
839 1603 935 1640 circa
962 1614 1089 1644 anum,
1119 1604 1402 1648 granulosis.
1454 1604 1483 1638 F
1494 1616 1618 1638 orma
1653 1608 1729 1638 tota
1765 1607 1800 1637 et
1826 1607 1967 1637 artuum
1992 1603 2174 1647 proportio
2200 1602 2327 1637 Ranae
2365 1613 2464 1635 escu-

236 1676 352 1709 lentae
395 1673 599 1717 respondet.
665 1669 835 1714 Corporis
872 1671 1050 1715 anguli,
1103 1682 1169 1705 nec
1202 1683 1273 1705 non
1308 1672 1407 1706 dorsi
1441 1672 1686 1706 tubercula
1720 1672 1811 1713 duo,
1854 1671 1891 1704 in
1928 1670 2165 1714 descriptione
2201 1668 2465 1704 MERREMMNA

236 1746 376 1783 notata,
412 1744 534 1774 nostro
562 1738 744 1772 individuo
773 1738 918 1779 desunt,
962 1749 1028 1771 nec
1056 1738 1162 1771 etiam
1189 1737 1344 1773 DAUDIN
1372 1751 1439 1773 nee
1465 1739 1688 1774 Lmnmm:
1716 1749 1841 1772 eorum
1871 1737 2087 1772 mentionem
2112 1737 2260 1772 faciunt.
2313 1735 2467 1771 Maxilla

235 1810 383 1844 inferior
409 1808 524 1841 antice
551 1806 810 1839 subtridcntata
837 1809 891 1838 est
919 1807 998 1847 (seu
1025 1806 1263 1850 emarginata,
1292 1808 1432 1852 angulis
1460 1807 1745 1851 emarginaturae
1772 1805 1973 1847 subacutis,
2001 1804 2187 1839 tuberculo
2215 1804 2419 1839 dentiformi
2445 1815 2465 1836 e

236 1877 353 1910 medio
381 1876 459 1918 ejus
487 1874 688 1915 eminente).

388 1942 515 1975 Rana
540 1940 784 1984 palmipes,
824 1950 929 1983 quam
957 1939 1009 1972 de
1044 1938 1140 1973 SPIX
1168 1940 1204 1973 in
1231 1942 1301 1975 tab.
1321 1940 1356 1975 V
1389 1942 1447 1986 fig.
1473 1942 1492 1976 1
1531 1941 1709 1982 exhibuit,
1753 1952 1775 1973 a
1801 1943 1924 1973 nostra
1958 1939 2188 1984 grunniente,
2231 1942 2375 1983 praeter
2407 1949 2465 1972 co-

236 2013 349 2045 lorem
377 2014 411 2043 et
444 2009 636 2053 picturam,
679 2007 769 2040 rictu
806 2006 996 2050 ampliore,
1040 2010 1206 2051 tympano
1244 2009 1288 2042 ab
1317 2010 1421 2043 oculo
1455 2008 1667 2047 remotiore,
1711 2008 1811 2042 sulco
1839 2018 1932 2051 pone
1966 2018 2091 2048 nares,
2130 2011 2195 2040 etc.
2224 2006 2351 2040 differt.
2404 2006 2464 2040 An

237 2079 362 2112 eadem
389 2076 527 2120 species
538 2075 551 2109 ζ
576 2096 580 2100 ›

906 2394 952 2436 6.
1032 2396 1084 2436 R.
1152 2394 1789 2439 ESCULENTA.

274 2524 314 2560 V
310 2524 460 2559 err-nois
486 2520 700 2571 madoribus
726 2521 875 2568 sparsi-9
900 2520 942 2554 iu
968 2518 1081 2554 dorso
1110 2521 1377 2564 verrumdoso,
1405 2519 1622 2568 semoribus
1648 2520 1759 2568 ilgfivc
1785 2522 2034 2569 granulosis,
2078 2523 2205 2569 eapite
2231 2520 2442 2561 &alburnum

774 2588 878 2622 linea
901 2588 1015 2635 flava
1041 2587 1322 2636 longiletclimdi
1355 2587 1526 2630 dorsale,
1567 2590 1718 2637 plausis
1739 2589 1938 2635 palmatis.

898 2911 942 2951 7.
1021 2910 1073 2950 R.
1142 2908 1808 2953 TEMPORARIA.

257 3040 297 3075 V
293 3039 442 3075 erraris
468 3035 677 3072 minoribus
703 3037 852 3084 sparsis
879 3037 919 3070 in.
945 3034 1076 3077 dorso,
1114 3031 1300 3068 lateribus
1326 3039 1365 3068 et
1378 3033 1578 3080 femorum
1598 3041 1717 3082 pat-te
1744 3036 1875 3084 inser-a
1897 3038 2143 3085 granulo-eis,
2185 3038 2311 3083 eapite
2338 3035 2468 3071 subob-

556 3110 639 3138 tuso
650 3116 664 3143 ;
705 3104 862 3138 macula
885 3102 1011 3150 filsea
1047 3099 1095 3137 ab
1122 3101 1231 3136 oculo
1253 3112 1329 3147 pel·
1355 3106 1581 3147 tympanum
1617 3100 1762 3144 Δια-ἴτω·
1799 3106 1950 3151 plausis
1971 3105 2168 3152 palmatis.

405 3240 568 3284 Quisque
595 3242 754 3272 nostrum
780 3248 867 3270 sane
894 3236 958 3269 has
992 3236 1081 3269 duas
1115 3235 1253 3280 species
1287 3236 1377 3269 bene
1403 3240 1527 3269 noscet
1552 3237 1714 3281 beneque
1747 3238 1958 3284 distinguet3
1998 3238 2225 3272 nihilominus
2253 3239 2296 3272 (le
2324 3239 2469 3283 diagno-

256 3308 353 3340 sibus
381 3311 413 3340 et
442 3306 737 3350 descriptionibus
764 3315 888 3337 earum
915 3303 1008 3347 apud
1036 3307 1198 3337 auctores
1226 3303 1399 3347 quaedam
1435 3314 1582 3336 monere
1608 3315 1665 3337 me
1693 3310 1842 3348 oportet.

406 3373 641 3407 Definitiones
668 3384 690 3405 a
716 3372 861 3405 Lm'NEo
889 3371 1007 3403 editae
1034 3374 1132 3403 sunt:
1185 3371 1217 3404 1.
1254 3368 1303 3403 R.
1333 3370 1606 3412 esculenta,
1644 3383 1839 3416 corpore
1877 3372 2114 3416 ungulato,
2158 3374 2294 3406 dorso
2331 3376 2470 3405 trans-

261 3451 393 3472 verso
432 3442 587 3483 gibbo,
635 3438 874 3473 abdomine
920 3437 1186 3481 marginato.
1256 3436 1290 3471 2.
1336 3435 1383 3470 R.
1422 3438 1745 3482 temporaria,
1800 3439 1938 3472 dorso
1975 3440 2268 3483 planiusculo
2315 3439 2472 3472 suban-
