2534 3890
179 246 271 289 100
1071 240 1444 276 BATRACHIA.

172 355 315 390 exhibet
347 373 394 378 —
446 351 620 386 Ovaria
665 352 815 386 eundem
841 352 947 386 situm
982 354 1015 384 et
1042 351 1194 384 formam
1230 349 1362 383 habent
1394 360 1436 383 ac
1470 348 1594 382 ovaria
1619 347 1841 394 Molgarum,
1882 351 1973 385 lobis
2000 355 2155 385 attamen
2189 351 2284 387 haud
2311 353 2379 387 dis-

170 422 296 456 tinctis.
348 419 561 454 Membrana
587 419 740 454 conflata
765 423 846 453 sunt
873 419 963 452 adeo
991 417 1106 459 tenui,
1135 428 1226 462 quae
1251 417 1315 451 vix
1342 417 1589 461 dignoscatur3
1629 417 1693 450 sed
1718 417 1830 451 vitelli
1856 418 1940 462 ipsi,
1983 419 2096 451 instar
2121 430 2273 452 uvarum
2298 432 2380 454 con-

166 489 337 523 sertarum
363 486 618 529 cohaerentes,
664 496 885 520 racemorum
911 484 1062 518 duorum
1096 484 1253 528 speciem
1279 482 1463 528 praebent.
1515 482 1560 516 In
1586 482 1653 516 hac
1679 483 1831 526 femina,
1874 486 1932 519 die
1965 484 1988 519 3
2013 484 2181 519 Octobris
2213 486 2379 528 dissecta,

166 554 278 588 vitelli
305 558 405 587 crant
432 554 587 588 omnium
614 552 907 598 magnitudinum,
937 551 1068 585 maturi
1096 555 1131 585 et
1156 551 1346 585 immaturi.
1399 550 1442 584 In
1469 550 1592 592 altera,
1620 550 1678 583 die
1704 550 1753 584 26
1770 550 1957 586 Februarii
1984 556 2104 597 capta,
2133 553 2191 586 die
2218 552 2240 587 3
2256 552 2379 587 Martii

164 625 306 665 aperta,
348 621 444 655 haud
471 621 638 666 gravida,
681 618 806 652 ovaria
832 618 974 663 quidem
1009 619 1116 663 paulo
1150 618 1288 652 minora
1321 620 1440 660 erant,
1483 617 1669 651 scatebant
1694 620 1813 651 autem
1840 618 1918 652 ovis
1945 631 2058 665 aeque
2083 620 2223 664 magnis
2251 631 2294 654 ac
2319 620 2380 654 illa

158 689 234 732 jam
261 688 448 732 descripta.
502 688 649 722 Tertiae
674 686 849 728 feminae,
886 685 943 719 die
969 685 1015 720 21
1033 685 1135 719 Junii
1160 689 1304 729 captae,
1338 685 1395 718 die
1422 684 1470 719 23
1498 684 1659 727 ejusdem
1685 685 1817 718 mensis
1844 685 2036 728 dissectae,
2071 691 2173 721 utero
2201 687 2280 721 ovis
2305 698 2379 721 ma·

161 755 250 789 turis
276 755 380 800 plene
407 755 575 800 gravido,
603 753 728 787 ovaria
753 752 891 786 minora
918 756 1019 786 erant
1044 764 1111 787 nec
1135 753 1204 786 nisi
1230 763 1343 797 parva
1369 763 1440 785 ova
1466 751 1693 785 continebant
1720 751 1816 795 (vide
1842 752 1992 797 figuram
2012 754 2074 787 III
2108 755 2250 788 tabulae
2272 753 2378 797 XIV,

161 823 206 856 ad
235 822 316 865 16),
361 834 431 856 11110
459 824 611 864 excepto
646 823 786 854 maturo
822 821 894 871 (p),
922 820 958 853 in
983 820 1114 860 fundo,
1157 820 1249 853 inter
1275 830 1410 853 cornua
1446 819 1516 852 duo
1542 818 1653 861 uteri,
1695 818 1774 852 sito.
1828 818 1978 863 Semper
2004 825 2123 854 autem
2150 822 2274 855 ovaria
2300 821 2379 856 ovis

159 890 318 934 pluribus
345 888 529 922 scatebant
563 899 669 932 quam
695 888 732 920 in
757 888 895 921 FUNKH
923 888 993 921 tab.
1013 886 1055 929 3,
1096 887 1155 932 fig.
1173 886 1232 921 10.
1259 907 1307 911 —
1366 885 1656 930 Appendices
1690 886 1862 929 luteae,
1907 898 1988 921 cum
2021 888 2154 922 ovariis
2181 900 2378 931 connexae,

159 967 273 1000 aeque
301 956 346 989 ad
381 955 418 988 in
444 954 598 999 Molgis,
636 955 701 988 sed
725 955 835 988 multo
864 954 1108 999 angustiores,
1136 957 1303 998 tanquam
1329 953 1389 987 fila
1415 954 1461 987 ad
1485 953 1682 997 marginem
1709 954 1885 987 internum
1913 955 2118 989 ovariorum
2145 956 2381 990 decurrebant

158 1024 242 1065 (tab.
261 1021 373 1065 xlv,
401 1022 459 1067 fig.
477 1022 530 1064 II,
558 1023 603 1055 ad
631 1021 704 1064 11).
757 1021 919 1055 RATHKE
947 1021 1065 1063 etiam,
1092 1032 1174 1066 pag.
1194 1021 1229 1063 7,
1256 1021 1321 1055 has
1349 1021 1562 1065 appendices
1589 1021 1625 1054 in
1652 1020 1897 1056 Salamandris
1925 1034 2066 1067 semper
2090 1023 2246 1057 minores
2273 1034 2379 1068 quam

157 1090 192 1123 in
217 1088 350 1134 Molgis
377 1089 519 1133 reperit.
573 1088 705 1122 Colore
732 1093 851 1122 autem
877 1092 912 1122 et
937 1089 1136 1122 substantia
1169 1099 1250 1122 cum
1276 1088 1330 1121 his
1358 1089 1611 1133 congruebant.
1664 1087 1708 1121 In
1734 1089 1846 1122 altero
1879 1090 2034 1123 feminae
2070 1090 2255 1124 individuo
2282 1091 2378 1124 haud

156 1157 325 1201 gravidO,
369 1157 427 1190 die
461 1156 483 1191 3
510 1156 633 1190 Martii
667 1160 808 1200 aperto,
861 1157 1074 1200 appendices
1109 1156 1251 1201 quidem
1284 1156 1390 1200 paulo
1424 1156 1570 1189 latiores
1605 1159 1724 1197 erant,
1768 1167 1835 1189 nec
1867 1168 1954 1190 vero
1992 1168 2105 1201 aeque
2138 1158 2232 1191 latae
2266 1169 2308 1192 ac
2341 1158 2378 1192 in

156 1223 300 1269 Molgis.
353 1223 395 1257 In
423 1224 526 1257 tertio
554 1224 711 1258 feminae
738 1224 940 1266 individuo,
982 1223 1061 1257 ovis
1089 1224 1256 1268 gravido,
1299 1223 1356 1256 die
1390 1223 1412 1257 3
1438 1221 1604 1257 Octobris
1640 1223 1812 1265 dissecto,
1855 1224 2069 1267 appendices
2097 1228 2198 1257 erant
2224 1225 2376 1259 sicut'in

155 1292 287 1325 femina
315 1291 445 1335 prima,
473 1291 536 1325 vix
571 1291 755 1335 paululum
781 1291 944 1333 latiores,
972 1291 1106 1335 passim
1133 1291 1419 1334 subinterruptae
1447 1292 1531 1333 (tab.
1548 1289 1659 1332 XIV,
1687 1291 1745 1334 fig.
1766 1290 1848 1332 HI,
1877 1291 1923 1324 ad
1952 1291 2024 1334 11.)
2052 1311 2100 1316 ——
2151 1290 2209 1325 De
2236 1291 2305 1325 fine
2342 1296 2377 1326 et

154 1370 223 1392 usu
248 1359 375 1392 harum
401 1359 634 1402 appendicum
659 1357 864 1403 Molgarum
899 1361 934 1391 et
959 1358 1277 1392 Salamandrarum
1309 1358 1453 1402 quidam
1480 1362 1645 1392 auctores
1679 1357 1872 1391 sententias
1907 1369 1992 1391 suas
2018 1359 2259 1402 protulerunt:
2302 1358 2375 1393 CU—

157 1435 245 1459 len
264 1430 374 1470 putat,
403 1426 468 1459 has
486 1426 710 1470 appendices,
739 1425 770 1459 si
785 1426 892 1469 paulo
909 1429 990 1459 ante
1006 1425 1268 1468 hyemationem
1286 1425 1494 1470 grandiores
1511 1426 1629 1459 forent
1646 1436 1750 1469 quam
1766 1426 1872 1468 paulo
1892 1430 1972 1469 post
1996 1425 2276 1469 hyemationem,
2304 1426 2376 1471 epi-

154 1493 236 1536 ploo
264 1494 436 1537 analogas
463 1504 543 1527 esse
570 1504 688 1536 posse.
741 1491 832 1526 Cum
860 1496 977 1526 autem
1004 1492 1069 1526 has
1096 1496 1216 1536 partes
1243 1493 1279 1526 in
1306 1492 1488 1537 Molgibus
1518 1497 1552 1526 et
1567 1492 1771 1526 Batrachiis
1798 1493 2007 1526 saltantibus
2034 1505 2132 1535 vere,
2160 1494 2267 1537 paulo
2294 1498 2375 1538 post

154 1560 431 1603 hyemationem,
466 1561 646 1593 volumine
673 1560 805 1604 insigni
831 1560 1046 1602 invenerim,
1082 1561 1116 1593 in
1143 1559 1381 1593 Salamandra
1409 1564 1545 1602 autem,
1581 1560 1639 1593 die
1666 1559 1688 1593 3
1707 1558 1894 1602 Octobris,
1936 1561 2043 1604 paulo
2071 1564 2153 1594 ante
2179 1561 2374 1605 hyematio-

154 1639 252 1669 nem,
281 1628 516 1671 pergraeiles,
563 1628 609 1660 ad
637 1626 797 1661 CUVOERI
826 1627 1027 1671 opinionem
1054 1627 1151 1661 haud
1178 1628 1350 1661 accedere
1376 1638 1533 1671 possum.
1586 1626 1661 1662 Vix
1688 1627 1921 1669 haesitarem,
1959 1627 2014 1661 his
2041 1629 2200 1672 partibus
2233 1629 2375 1662 relatio-

153 1706 235 1727 nem
262 1695 418 1739 aliquam
445 1695 492 1728 ad
517 1698 656 1738 tempus
688 1694 845 1738 pruritus
879 1695 1039 1728 sexualis
1075 1694 1298 1736 adscribere,
1340 1695 1409 1728 nisi
1436 1693 1584 1728 CUV113R
1620 1698 1654 1728 ct
1679 1693 1842 1728 RATHKE
1878 1695 2021 1729 easdem
2049 1695 2084 1728 in
2111 1696 2220 1729 larvis
2247 1696 2374 1730 Batra—

154 1762 315 1795 chiorum
348 1762 529 1795 volumine
570 1762 700 1806 insigni
743 1763 1006 1796 observassent.
1077 1762 1108 1796 E
1142 1762 1320 1796 sententia
1352 1760 1529 1795 RATflKffl
1564 1773 1597 1806 p.
1615 1761 1681 1804 21,
1723 1762 1810 1796 fasc.
1828 1761 1903 1804 IV,
1941 1763 2063 1807 pag.7
2090 1766 2125 1796 et
2152 1763 2193 1805 9,
2233 1763 2373 1805 111501,

154 1831 247 1873 (pag.
273 1828 296 1862 3
312 1849 359 1853 ———
378 1829 423 1863 12
451 1829 487 1862 in
515 1833 664 1862 extenso
693 1829 736 1862 de
762 1828 818 1862 his
845 1830 1004 1873 partibus
1031 1833 1150 1862 actum
1177 1832 1244 1872 est)
1278 1830 1447 1863 volumen
1473 1829 1599 1863 harum
1625 1829 1859 1873 appendicum
1885 1829 1982 1862 victu
2009 1830 2209 1874 copiosiore
2236 1831 2374 1873 crescit,

152 1908 233 1930 cum
260 1907 322 1930 eas
348 1900 507 1940 tempore
534 1897 730 1930 autumnali
757 1897 992 1941 amplissimas
1018 1897 1166 1938 viderit,
1210 1897 1305 1942 quod
1332 1901 1450 1930 autem
1477 1896 1565 1929 meis
1592 1896 1904 1930 observationibus
1931 1896 2028 1930 haud
2053 1898 2266 1941 respondet,
2294 1909 2389 1932 cum-

153 1974 215 1997 eas
242 1966 399 2007 tempore
426 1963 566 1997 vernali
592 1964 628 1996 in
653 1962 786 2008 Molg'is
814 1975 1026 2008 pel-magnas
1060 1964 1265 2007 repererim.
1319 1963 1495 1997 Conferas
1532 1975 1623 2008 quae
1650 1974 1759 2007 supra
1793 1964 1838 1997 ad
1865 1963 2009 2008 Molgas
2035 1964 2176 1998 tradidi.
2231 1963 2373 2008 CARUS,

153 2042 186 2074 p.
210 2030 303 2072 640,
346 2031 478 2072 credit,
522 2030 588 2064 has
616 2031 829 2074 appendices
855 2031 979 2064 forsan
1007 2042 1077 2075 qua
1104 2031 1406 2064 accumulationes
1432 2031 1603 2064 materiae
1630 2030 1835 2073 nutrientis,
1880 2035 2046 2075 respectu
2071 2032 2293 2066 functionum
2319 2044 2374 2066 se-

152 2098 324 2139 xualium,
350 2098 428 2131 fere
454 2097 546 2131 sicut
572 2109 700 2141 corpus
723 2098 855 2142 pingue
883 2109 1082 2140 erucarum,
1111 2098 1390 2131 considerandas
1418 2109 1508 2131 esse.
1561 2097 1668 2131 FUNK
1696 2098 1898 2141 suspicatur
1925 2098 2040 2142 (p.·29,
2070 2097 2105 2145 ξ.
2124 2098 2171 2134 52
2199 2103 2235 2133 et
2259 2111 2293 2144 p.
2313 2099 2373 2142 35,

153 2163 187 2211 ξ.
216 2164 291 2207 66),
319 2164 536 2198 ΒΛΤΗΚΕΗΜ
566 2167 612 2207 (et
642 2164 844 2198 CUV1ERUM
857 2164 884 2208 ’.2)
912 2165 948 2198 in
974 2166 1084 2199 larvis
1111 2165 1404 2206 Batraehiorum,
1442 2168 1473 2198 et
1503 2165 1687 2209 speciatim
1715 2165 2052 2207 Salamandrarum,
2080 2178 2184 2201 renes
2212 2179 2292 2201 cum
2318 2167 2374 2201 his

153 2232 406 2276 appendicibus
434 2232 659 2274 confudisse,
693 2232 760 2276 ipsi
787 2238 924 2274 autem,
952 2237 1121 2277 quantum
1148 2244 1307 2277 quoque,
1341 2237 1381 2266 ut
1407 2232 1514 2274 dixit,
1542 2233 1833 2277 investigaverit,
1878 2245 1950 2266 non
1977 2234 2142 2278 contigit,
2183 2238 2222 2268 ut
2249 2246 2311 2268 eas
2338 2235 2374 2268 in

152 2299 262 2333 larvis
290 2299 606 2333 Salamandrarum
633 2299 818 2333 invenerit.
872 2299 1093 2333 Persuasum
1120 2311 1159 2333 se
1186 2300 1312 2341 habet,
1349 2300 1563 2343 appendices
1590 2300 1676 2334 istas
1715 2312 1794 2333 essc
1822 2312 1976 2345 organa,
2014 2301 2232 2346 pigmentum
2257 2313 2375 2336 secer-

152 2367 290 2409 nentia3
318 2367 362 2399 de
388 2370 516 2399 natura
543 2370 577 2399 et
602 2367 671 2399 fine
698 2367 803 2409 hujus
830 2367 999 2411 pigmenti
1027 2372 1164 2408 tamen,
1193 2368 1306 2411 deque
1334 2367 1441 2400 ductu
1469 2367 1670 2401 excretorio
1699 2367 1789 2410 ejus,
1816 2367 1913 2401 haud
1942 2369 2121 2402 docemur.

302 2432 499 2477 Postquam
537 2433 571 2466 iu
605 2433 737 2466 femina
764 2434 1023 2467 Salamandrac
1050 2434 1267 2475 maculatae,
1309 2435 1477 2467 foetubus
1512 2434 1680 2478 gravida,
1724 2434 1781 2467 die
1817 2434 1840 2467 3
1864 2432 2032 2469 Octobris
2066 2439 2206 2479 aperta,
2250 2436 2375 2470 ovaria

155 2501 239 2540 (tab.
257 2500 369 2541 XIV,
397 2500 456 2545 fig.
476 2500 528 2542 Π)
556 2511 800 2543 removeram,
847 2501 1090 2534 oviductus
1118 2501 1427 2544 conspiciebantur
1454 2501 1578 2545 quales
1605 2500 1719 2545 figura
1736 2501 1755 2534 I
1791 2502 1861 2534 tab.
1878 2500 1951 2535 XV
1978 2502 2133 2536 exhibet.
2187 2502 2287 2536 Situs
2314 2514 2374 2537 eo-

154 2578 232 2600 rum
259 2567 353 2600 idem
387 2572 441 2600 est
475 2578 517 2600 ac
543 2567 578 2600 in
605 2566 739 2612 Molg‘is
777 2569 956 2610 (conferas
990 2569 1060 2601 tab.
1077 2567 1210 2610 XVII,
1253 2567 1311 2612 fig.
1329 2567 1369 2601 II
1398 2572 1433 2601 et
1458 2567 1589 2610 VIII),
1635 2568 1698 2601 sed
1732 2568 1842 2601 multo
1870 2569 2054 2603 breviores
2081 2573 2180 2612 sunt,
2222 2570 2374 2615 indeque

154 2634 251 2678 gyris
278 2634 505 2677 paucioribus
533 2635 694 2668 contorti.
747 2635 863 2679 Apice
890 2646 1021 2679 supero
1050 2637 1206 2677 (za—t),
1234 2636 1339 2668 valde
1368 2639 1531 2679 angusto,
1560 2635 1702 2680 oblique
1729 2636 1964 2678 ascendente,
1991 2637 2124 2670 sensim
2150 2638 2375 2681 angustiores

154 2701 252 2742 fiunt,
280 2702 422 2734 tandem
449 2705 568 2735 autem
595 2701 629 2734 in
657 2703 899 2736 membranam
925 2703 1173 2735 distenduntur
1199 2706 1406 2746 pertenuem
1435 2703 1803 2736 infundibulisormem
1831 2704 1915 2745 (tab.
1933 2703 2048 2746 XIV,
2102 2704 2160 2749 fig.
2180 2704 2240 2746 Il,
2268 2705 2314 2738 ad
2328 2707 2374 2748 8),

155 2780 261 2812 quam
288 2768 518 2810 DUVERNEY,
554 2778 603 2801 DU
621 2768 703 2802 FAY
731 2772 765 2802 et
792 2767 939 2802 Cuvuzn
972 2770 1012 2803 le
1046 2770 1255 2814 pavillon
1290 2770 1470 2813 appellant
1497 2770 1605 2813 (conf.
1632 2769 1739 2803 FUNK
1774 2771 1843 2804 tab.
1861 2770 1902 2813 3,
1944 2771 2003 2816 fig.
2024 2772 2096 2814 10).
2149 2771 2259 2816 Apex
2285 2772 2374 2816 ipse,

156 2847 221 2868 seu
248 2846 330 2878 pars
356 2835 520 2879 superior
554 2838 710 2878 (tt—t),
752 2837 1031 2870 rubro-albidus
1059 2841 1131 2880 est3
1175 2848 1258 2881 pars
1285 2837 1403 2869 media
1438 2839 1589 2880 (rc—w)
1625 2840 1679 2871 est
1706 2837 1924 2881 amplissima
1951 2842 1985 2872 ct
2011 2839 2132 2872 colore
2158 2839 2239 2873 albo
2266 2850 2376 2883 puro3

156 2913 238 2945 pars
266 2903 380 2935 infera
407 2905 547 2945 (te—a
574 2906 609 2935 et
633 2899 767 2945 eci—b)
795 2904 915 2936 colore
944 2904 1070 2937 codem
1098 2907 1151 2937 est
1177 2904 1312 2937 imbuta
1339 2915 1381 2936 ac
1407 2915 1490 2947 pars
1507 2905 1679 2948 superior.
1734 2904 1837 2938 Intus
1863 2916 1946 2949 pars
1962 2906 2081 2939 media
2097 2907 2233 2951 liquore
2258 2907 2374 2940 lacteo

157 2969 292 3012 repleta
326 2973 419 3011 erat,
462 2970 626 3013 superior
653 2974 771 3003 autem
806 2974 840 3003 et
873 2971 987 3004 infera
1020 2982 1158 3004 vacuae
1193 2974 1294 3004 erant
1329 2974 1364 3003 et
1389 2972 1526 3015 rugnlis
1560 2972 1877 3016 longitudinalibus
1911 2973 2069 3007 striatae.
2172 2973 2217 3007 In
2241 2974 2375 3007 femina

159 3035 237 3068 ovis
265 3036 414 3079 gravida
441 3036 511 3069 (liei
538 3037 585 3070 23
604 3036 716 3078 Junii,
743 3049 809 3070 nec
836 3049 906 3071 non
933 3038 968 3071 in
997 3039 1109 3071 altera
1135 3038 1305 3072 foetubus
1331 3038 1482 3082 gravida
1508 3039 1579 3071 diei
1605 3038 1654 3073 24
1680 3038 1781 3072 Junii
1815 3040 1899 3081 (tab.
1928 3039 2039 3082 XIV,
2067 3040 2125 3085 fig.
2142 3039 2204 3073 III
2231 3046 2266 3073 et
2292 3039 2374 3083 IV),

159 3101 346 3135 oviductus
374 3103 448 3145 (17)
476 3103 581 3137 simili
608 3104 745 3148 liquore
771 3105 898 3148 repleti
924 3108 1035 3139 erant.
1088 3105 1210 3139 Locus
1238 3105 1298 3138 ubi
1325 3105 1512 3138 oviductus
1538 3106 1574 3138 in
1601 3110 1741 3139 uterum
1769 3107 1911 3149 transit,
1941 3107 2104 3140 omnibus
2130 3107 2291 3140 iconibus
2318 3107 2376 3142 hic

160 3169 326 3210 adnexis,
369 3169 496 3203 litteris
532 3183 558 3204 (ι
585 3174 620 3204 et
646 3168 666 3204 b
694 3172 899 3216 designatus
937 3176 1000 3206 est.
1055 3171 1232 3206 Conferas
1269 3172 1313 3205 ad
1348 3172 1437 3205 haec
1465 3171 1561 3205 CAR!
1598 3174 1667 3207 tab.
1684 3173 1806 3215 XIII,
1848 3174 1896 3218 fig
1911 3173 1985 3216 IV,
2023 3174 2069 3207 ad
2095 3184 2125 3207 e.
2178 3171 2376 3218 Orificium,

161 3248 230 3280 quo
258 3236 445 3269 oviductus
471 3236 507 3269 in
532 3241 672 3271 uterum
699 3249 738 3271 se
765 3240 896 3282 aperit,
932 3240 967 3273 in
994 3240 1127 3274 femina
1152 3239 1318 3273 foetubus
1356 3239 1506 3282 gravida
1532 3239 1603 3272 diei
1630 3240 1652 3273 3
1679 3240 1845 3274 Octobris
1880 3245 1952 3274 tam
1979 3244 2075 3273 arcte
2101 3241 2261 3275 clausum
2288 3246 2376 3285 erat,

160 3307 199 3336 ut
231 3315 297 3336 nec
323 3306 436 3336 setam
462 3304 698 3337 transmittere
726 3317 791 3338 nec
817 3307 940 3339 tubulo
978 3318 1042 3350 per
1067 3311 1206 3340 uterum
1233 3306 1439 3339 oviductum
1466 3306 1590 3340 inflare
1624 3318 1776 3351 possem.
1829 3308 1946 3341 Alteri
1971 3307 2146 3350 feminae,
2182 3309 2260 3342 ovis
2295 3321 2376 3354 gra-

163 3370 285 3411 vidae,
320 3370 390 3402 diei
416 3369 464 3404 23
480 3370 597 3411 Junii,
627 3371 798 3404 orificium
825 3373 966 3416 quidem
993 3377 1155 3417 apertum
1181 3376 1277 3414 erat,
1305 3376 1344 3405 ut
1371 3374 1557 3407 oviductus
1584 3385 1647 3417 per
1673 3379 1813 3408 uterum
1840 3374 1955 3407 inflari
1981 3379 2143 3417 possent,
2186 3377 2250 3409 sed
2275 3377 2376 3410 locus

165 3436 239 3479 ipse
266 3437 370 3469 valde
398 3441 598 3471 coarctatus
625 3438 814 3471 confinium
841 3441 929 3473 uteri
958 3445 992 3473 et
1018 3441 1206 3473 oviductus
1233 3444 1288 3472 sat
1315 3440 1476 3473 distinete
1504 3441 1722 3485 designabat.
1777 3441 1940 3474 Tertium
1977 3442 2215 3484 individuum,
2259 3444 2373 3477 foetu-

166 3503 232 3535 bus
258 3504 462 3546 gravidum,
497 3505 554 3538 die
581 3503 628 3539 25
644 3505 746 3538 Junii
773 3510 951 3549 apertum,
986 3508 1088 3550 cujus
1114 3511 1254 3540 uterum
1281 3507 1480 3549 sinistrum,
1516 3509 1710 3542 lateraliter
1735 3509 1962 3549 reclinatum,
1999 3510 2141 3542 tabulae
2158 3509 2251 3543 XIV
2286 3509 2374 3554 figu-

166 3580 207 3602 ra
230 3568 283 3602 IV
311 3570 472 3613 exhibet,
505 3583 576 3605 non
602 3572 717 3606 solum
744 3573 915 3607 orificium
943 3579 1102 3618 apertum
1130 3574 1301 3615 habebat,
1338 3575 1387 3607 ita
1414 3579 1451 3608 ut
1478 3575 1665 3610 oviduetus
1692 3587 1755 3619 per
1781 3578 1918 3608 uterum
1947 3575 2072 3619 inflari,
2100 3576 2135 3609 in
2162 3581 2374 3621 praeparato
