2632 3890
290 110 321 139 Χ
1196 88 1562 124 PRAEFATIO.

288 213 423 247 menta
459 211 640 246 extrema
665 201 846 252 illarum,
877 198 1112 255 saepissime
1138 204 1361 240 remanent.
1424 197 1607 251 Operam
1637 196 1753 247 dedi,
1793 205 1837 238 ut
1860 197 1924 239 his
1955 197 2133 252 legibus,
2176 197 2218 238 in
2244 196 2482 252 descriptio-

285 289 406 331 nibus
438 286 558 337 meis,
600 284 890 328 satisfacerem.

434 370 555 411 Haud
580 367 748 410 minoris
779 367 879 409 mihi
913 379 1037 407 curae
1073 363 1149 405 fuit
1184 362 1336 405 revisio
1362 362 1502 404 critica
1538 375 1878 417 synonymorum,
1915 377 1997 416 quo
2027 365 2080 405 de
2111 364 2190 415 eis,
2232 377 2338 418 quae
2368 371 2485 405 ante-

286 466 468 495 cessores
507 452 742 502 ediderunt,
798 448 1102 498 certitudinem,
1151 454 1347 500 quantum
1395 445 1485 488 fieri
1523 453 1684 501 poterat
1724 445 1963 497 maximam,
2011 447 2234 490 nanciscar.
2305 446 2489 489 Pretium

285 536 492 591 peculiare
519 536 663 576 harum
694 535 948 588 plagularum
978 544 1028 573 eo
1060 530 1167 572 sorte
1200 529 1404 580 consistit,
1442 530 1551 583 quod
1583 530 1871 572 commentaria
1902 530 2128 573 certissima
2158 530 2380 573 exhibeant
2413 530 2488 571 de-

284 619 548 674 scriptionum
584 617 789 672 reptilium
824 614 953 656 musei
983 615 1264 664 LAMPEANJ,
1303 627 1327 654 a
1354 612 1662 655 SGHNEmERo
1695 614 1910 656 editarum.
1969 615 2069 656 Post
2098 615 2254 656 obitum
2283 615 2489 665 LAMPEI,

283 703 391 744 inter
421 702 500 743 alia
529 714 691 754 quoque
721 700 920 753 integram
958 697 1046 755 ejus
1085 697 1367 740 collectionem
1405 696 1612 751 reptilium
1655 698 1854 738 emebam.
1913 697 2027 739 Vasa
2060 698 2216 750 omnia,
2257 711 2363 751 quae
2392 710 2489 751 rep-

285 786 373 827 tilia
410 784 452 826 in
495 784 639 838 spiritu
676 782 762 823 vini
798 782 1080 832 continebant,
1131 780 1382 831 nominibus,
1425 794 1449 821 a
1487 794 1611 822 manu
1649 780 1946 823 SGHNEIDERI
1989 780 2078 836 ipsa
2110 781 2289 836 scriptis,
2332 780 2490 836 signata

287 876 424 918 erant;
472 880 638 908 manum
670 864 966 908 ScHNEIDERI
999 872 1135 906 autem
1167 864 1318 919 optime
1354 863 1470 915 novi,
1519 878 1594 918 per
1629 866 1779 906 multos
1823 864 1932 907 enim
1965 878 2095 907 annos
2125 865 2202 907 viri
2234 863 2491 907 celeberrimi

287 953 442 1005 collega
475 958 517 992 et
552 949 763 992 familiaris
795 949 868 991 fui.
937 947 1155 990 Caeterum
1187 961 1348 1001 quoque
1380 948 1631 1003 comparatio
1670 948 1938 1004 speciminum
1969 948 2098 991 musei
2129 962 2221 990 cum
2251 947 2492 1002 descriptio-

285 1035 423 1086 nibus,
461 1048 486 1075 a
511 1033 819 1076 SCHNEIDERO
851 1031 990 1083 editis,
1028 1033 1186 1073 nullum
1211 1032 1380 1074 dubium
1404 1032 1448 1073 in
1472 1032 1552 1073 hac
1578 1045 1626 1074 re
1657 1032 1865 1085 relinquit.
1928 1032 2028 1074 Cum
2053 1046 2152 1074 vero
2177 1046 2262 1074 non
2288 1032 2332 1073 in
2355 1031 2491 1073 animo

285 1120 501 1169 haberem,
532 1116 778 1172 specierum,
810 1115 977 1173 jamjam
1006 1115 1050 1156 in
1080 1115 1171 1158 aliis
1197 1115 1390 1170 operibus
1421 1116 1572 1170 optime
1604 1116 1901 1170 descriptarum
1935 1124 1976 1159 et
2002 1116 2220 1170 pictarum,
2250 1115 2492 1170 descriptio-

285 1215 359 1244 nes
393 1201 584 1244 iconesve
620 1208 827 1255 repetere,
868 1200 945 1242 has
978 1199 1136 1255 species
1165 1199 1303 1241 brevis
1333 1199 1472 1241 verbis
1502 1207 1659 1242 tantum
1696 1200 1896 1252 indicavi,
1940 1200 2089 1242 additis
2122 1200 2230 1242 forte
2259 1199 2367 1242 notis
2400 1198 2493 1252 qui-

285 1286 457 1327 busdam
486 1284 783 1327 illustrantibus
812 1291 883 1325 aut
911 1282 1237 1326 emendantibus.
1296 1282 1463 1326 Utinam
1495 1297 1636 1325 omnes
1662 1284 1801 1326 icones
1833 1284 2039 1339 reptilium
2076 1297 2207 1337 aeque
2239 1290 2494 1338 praestantes

286 1377 501 1411 accuratae
531 1376 574 1411 et
602 1370 810 1424 elegantes
840 1375 978 1410 essent
1018 1381 1068 1409 ac
1096 1367 1193 1408 illae
1222 1367 1452 1409 RoESELll
1482 1367 1631 1418 nostri,
1673 1375 1771 1409 tunc
1801 1368 1853 1409 de
1889 1370 2002 1409 nulla
2033 1382 2175 1410 earum
2204 1367 2327 1408 dubia
2357 1380 2494 1408 rema-

281 1459 452 1502 >nerent3
507 1459 570 1504 at,
612 1465 678 1493 me
707 1452 898 1500 hercule,
946 1465 1032 1493 non
1061 1452 1192 1492 solum
1221 1464 1384 1502 omnes,
1434 1458 1529 1492 ante
1565 1460 1750 1505 tempora
1780 1452 2071 1506 amphibiologi
2099 1451 2209 1493 illius
2238 1449 2494 1493 celeberrimi

286 1536 422 1578 editae
451 1535 592 1578 icones
620 1536 946 1578 ROESELIANIS
982 1536 1154 1576 multum
1194 1535 1366 1585 cedunt,
1414 1547 1684 1588 magnamque
1725 1543 1883 1589 partem
1919 1535 2120 1590 pessimae
2150 1543 2263 1586 sunt,
2311 1535 2384 1576 sed
2414 1534 2494 1590 ipsi

284 1632 540 1663 successores
567 1618 677 1661 illius
702 1618 866 1674 plurimi
895 1621 947 1660 ab
977 1626 1236 1660 antecessore
1265 1617 1399 1659 relicti
1427 1625 1534 1659 sunt.
1579 1618 1743 1669 Studui,
1773 1620 2006 1674 exemplum
2038 1619 2220 1672 assequi,
2254 1633 2278 1660 a
2303 1619 2391 1660 viro
2421 1618 2492 1660 illo

285 1702 554 1746 celeberrimo
591 1702 635 1744 in
672 1702 843 1744 historia
871 1703 1083 1744 Ranarum
1118 1715 1191 1743 sua
1221 1701 1340 1743 nobis
1373 1701 1638 1756 propositum.
1705 1701 1864 1745 Saltem
1894 1703 2100 1744 affirmare
2129 1717 2312 1758 possum,
2355 1702 2493 1744 icones

285 1786 435 1836 editas,
465 1800 567 1840 quas
596 1787 665 1828 vel
693 1785 782 1841 ipse
810 1785 951 1841 pinxi,
981 1787 1062 1837 vel,
1093 1799 1160 1827 me
1184 1787 1458 1836 moderatore,
1489 1785 1601 1841 pingi
1631 1793 1672 1827 et
1701 1785 1788 1827 aeri
1817 1786 1940 1827 incidi
1963 1787 2083 1844 jussi,
2114 1796 2286 1829 naturae
2316 1785 2494 1828 exactis-

285 1869 387 1912 sime
416 1871 680 1925 respondere.
739 1869 854 1912 Vitia
883 1870 1086 1923 quaedam
1114 1869 1221 1911 levia
1258 1869 1341 1911 suis
1384 1868 1484 1911 locis
1519 1869 1709 1911 indicavi.
1780 1871 2069 1926 Reptiliologia
2101 1871 2201 1912 mihi
2230 1871 2273 1912 in
2308 1870 2496 1912 maximis

284 1953 442 1996 deliciis
471 1962 552 2004 est;
589 1952 814 2008 praemium
843 1961 980 1994 autem
1009 1952 1231 1994 maximum
1260 1953 1361 1994 mihi
1390 1953 1498 1995 soret
1528 1955 1725 1995 adsensus
1756 1963 2025 1996 scrutatorum
2055 1963 2247 2006 naturae,
2279 1969 2420 2008 quem,
2451 1962 2495 1995 ut

286 2051 449 2091 quoque
477 2037 659 2080 fasciculi
688 2039 770 2079 duo
801 2036 939 2088 alteri,
982 2036 1052 2090 qui
1081 2035 1252 2079 Saurios
1282 2045 1324 2079 et
1353 2036 1558 2092 Ophidios
1587 2037 1715 2079 nostri
1744 2039 1874 2081 musei
1904 2039 2191 2092 continebunt,
2222 2039 2299 2082 sibi
2328 2052 2494 2094 compa-

287 2129 399 2173 rent,
441 2134 602 2163 omnem
634 2134 801 2176 operam
830 2121 950 2163 dabo.
