2534 3890
173 215 234 259 52
1094 206 1470 245 BATRAcnlA.

170 336 280 371 perne
305 332 520 358 verrucosae
546 325 646 363 sunt,
681 331 833 365 superne
859 324 1045 365 praeterea
1070 317 1316 359 tricarinatae,
1351 315 1481 350 carinis
1507 315 1729 358 verrucosis,
1765 327 1787 349 a
1813 325 1950 350 summo
1977 313 2078 359 apice
2104 314 2295 358 palpebrae
2322 314 2382 347 de-

171 391 410 431 currentibus,
448 388 497 421 ita
523 391 562 422 ut
588 387 762 430 anterior,
805 398 917 432 eaque
950 384 1111 418 verrucis
1143 384 1365 429 longioribus
1399 382 1533 423 obsita,
1575 392 1702 415 versus
1735 393 1858 416 narem
1892 382 2083 427 dirigatur,
2120 381 2238 414 media
2271 384 2382 414 trans-

170 458 301 492 versim
326 467 434 500 super
458 455 612 489 frontem
639 455 684 489 ad
705 455 842 499 apicem
859 452 1051 497 palpebrae
1077 451 1262 496 oppositae
1289 453 1474 492 excurrat,
1508 448 1685 493 posterior
1711 452 1829 482 autem
1855 461 1964 494 supra
1989 448 2185 489 cervicem,
2220 448 2266 481 ad
2290 448 2384 481 latus

170 523 283 565 dorsi,
318 526 511 556 curvatura
537 522 680 567 gemina
705 521 893 561 undulata,
936 519 982 552 ad
1008 529 1049 552 os
1076 518 1240 563 coccygis
1273 528 1389 563 usque
1424 527 1534 560 supra
1560 526 1685 556 anum,
1728 515 1790 548 ubi
1816 527 1896 549 cum
1922 516 2045 550 carina
2069 515 2308 559 respondente
2333 514 2384 548 la·

169 590 253 624 teris
280 590 426 623 alterius
453 589 636 631 coincidit,
665 589 871 621 deducatur.
923 583 1083 619 Dorsum
1108 586 1284 627 medium,
1328 585 1419 618 inter
1445 583 1603 625 carinas,
1633 583 1711 626 jam
1736 582 1927 625 indicatas,
1970 582 2130 616 verrucis
2156 582 2279 626 parvis
2304 592 2384 625 par-

168 657 308 701 cisque,
352 667 460 690 anum
485 667 612 690 versus
646 658 763 687 tamen
798 652 1055 695 crebrioribus,
1100 652 1254 686 obsitum
1288 655 1352 686 est.
1413 651 1550 685 Latera
1589 660 1717 683 versus
1751 660 1891 694 quoque
1925 649 1994 683 hae
2020 661 2192 683 verrucae
2219 648 2323 693 copia
2349 651 2384 681 et

171 724 417 769 magnitudine
445 726 628 764 crescunt3
672 721 707 753 in
733 720 819 764 ipsis
853 720 1024 754 lateribus
1062 718 1344 754 confertissimae
1377 722 1478 760 sunt,
1519 717 1676 761 majores
1703 727 1783 750 cum
1809 716 1952 750 minutis
1978 717 2128 759 mixtae,
2170 716 2239 750 hae
2266 714 2383 760 grani-

167 792 320 833 formes,
348 791 489 824 illarum
516 789 693 822 maximae
720 787 1170 831 subconico-spinulosae3
1197 785 1369 830 imprimis
1392 789 1511 819 autem
1532 785 1625 829 plica
1651 787 1803 817 cutanea
1820 783 1988 826 lateralis,
2017 793 2127 826 supra
2144 784 2272 827 pedem
2294 782 2383 816 anti-

169 870 249 892 cum
277 862 373 899 orta,
412 858 457 890 ad
485 855 586 889 basin
612 854 758 889 senioris
785 866 897 899 usque
924 855 1135 896 decurrens,
1162 853 1293 887 talibus
1319 852 1480 886 verrucis
1513 851 1813 896 spinaeformihus
1840 850 1973 884 horret.
2026 848 2178 884 Praeter
2203 849 2295 883 hanc
2320 848 2384 893 pli-

169 936 259 966 cam,
286 925 405 968 plures
422 923 606 957 breviores
631 926 666 956 et
689 922 918 967 irregulares,
945 933 1012 955 nec
1037 920 1196 954 verrucis
1220 920 1417 964 majoribus
1442 919 1640 961 distinctae,
1665 918 1702 951 in
1728 918 1898 952 lateribus
1921 917 2196 962 conspiciuntur,
2220 927 2311 961 quae
2334 919 2385 949 ta-

167 1003 248 1025 men
266 1002 284 1024 e
301 990 551 1035 corrugatione
577 989 875 1034 praeternaturali
891 988 993 1030 cutis,
1020 992 1101 1032 post
1118 991 1269 1022 mortem
1295 987 1469 1029 animalis,
1497 990 1598 1020 ortae
1625 997 1704 1020 esse
1724 985 1901 1020 videntur.
1930 985 2122 1019 Abdomen
2138 984 2268 1017 talibus
2285 982 2386 1028 plicis

167 1058 309 1092 omnino
328 1061 436 1092 caret.
480 1057 573 1099 Hoc,
600 1068 667 1090 nec
688 1068 760 1090 non
782 1059 901 1100 partes
922 1067 1057 1100 pronae
1079 1055 1204 1100 capitis
1227 1058 1262 1088 et
1281 1058 1441 1097 artuinn,
1472 1054 1591 1098 digitis
1617 1056 1735 1086 tamen
1763 1052 1940 1097 exceptis,
1975 1051 2136 1085 verrucis
2159 1051 2280 1095 parvis
2303 1061 2386 1084 con-

166 1125 368 1160 fertissimis
393 1125 601 1169 aequalibus
622 1124 837 1169 granulosae
856 1126 947 1157 sunt.
989 1121 1109 1157 Pedes
1137 1133 1290 1167 superne
1306 1121 1467 1155 verrucis
1493 1121 1689 1164 majoribus
1705 1120 1983 1164 minoribusque,
2010 1119 2103 1153 sicut
2120 1119 2234 1153 latera
2260 1116 2386 1158 trunci,

168 1193 285 1226 vestiti
310 1196 410 1235 sunt3
436 1192 563 1225 harum
588 1202 822 1225 verrucarum
847 1190 1045 1232 maximae,
1079 1190 1270 1234 praecipue
1297 1189 1333 1222 in
1359 1189 1472 1231 tibiis,
1509 1188 1571 1222 ubi
1596 1188 1729 1221 multae
1757 1198 1881 1221 earum
1906 1186 1942 1220 in
1969 1186 2081 1220 series
2108 1186 2271 1230 obliquas
2299 1185 2389 1218 duas

168 1264 286 1294 tresve
311 1259 573 1303 subdispositae
601 1262 699 1300 sunt,
728 1257 1050 1292 conice-elevatae
1077 1268 1157 1291 esse
1183 1257 1309 1291 solent.
1352 1255 1503 1290 Palmae
1529 1256 1673 1297 subtus,
1700 1258 1845 1299 praeter
1871 1254 2023 1298 granula
2043 1253 2232 1294 nonnulla,
2265 1261 2388 1285 verru-

169 1339 230 1361 cas
252 1328 371 1371 plures
395 1338 544 1371 magnas
569 1325 873 1370 depressiusculas
900 1328 1045 1369 gerunt,
1072 1335 1221 1369 quarum
1247 1327 1333 1366 tres,
1359 1323 1604 1368 magnitudine
1630 1322 1800 1367 insignes,
1828 1322 1874 1355 ad
1900 1320 2003 1355 basin
2029 1320 2188 1365 palmae,
2220 1320 2255 1353 in
2281 1318 2388 1352 trian-

165 1395 289 1439 gulum
316 1394 454 1438 positae
480 1396 580 1434 sunt,
621 1396 774 1437 quatuor
800 1392 949 1436 digitum
976 1392 1128 1436 primum
1156 1390 1419 1435 (exteriorem),
1453 1394 1526 1424 tres
1552 1390 1749 1424 secundum
1777 1389 2071 1434 (longissimum),
2113 1388 2207 1421 duae
2233 1386 2387 1427 tertium,

167 1466 240 1496 tres
263 1465 446 1507 quartum,
475 1463 659 1504 occupant.
700 1458 910 1493 Plantarum
935 1470 1110 1492 verrucae
1132 1459 1240 1503 paulo
1267 1462 1350 1492 sunt
1374 1458 1551 1501 minores3
1587 1457 1764 1501 majorum
1791 1467 1914 1490 earum
1940 1456 2033 1489 duae
2061 1455 2210 1500 digitum
2237 1453 2389 1488 exterio-

168 1541 261 1572 rem,
298 1533 370 1562 tres
396 1528 591 1562 secundum
617 1527 912 1571 (longissimum),
946 1527 1039 1560 duae
1066 1526 1228 1568 tertium,
1258 1536 1331 1559 una
1358 1529 1540 1570 quartum,
1576 1525 1670 1558 duae
1697 1527 1862 1569 (quarum
1888 1523 2026 1567 postica
2052 1522 2209 1556 omnium
2232 1520 2391 1554 maxima

169 1599 236 1639 est)
260 1596 419 1641 quintum
446 1598 630 1639 occupant.
674 1594 797 1628 Series
823 1593 1092 1638 longitudinalis
1119 1604 1352 1627 verrucarum
1378 1592 1544 1626 distincta
1569 1595 1717 1626 externe
1743 1595 1881 1636 partem
1907 1589 1993 1624 tarsi
2020 1589 2241 1634 superiorem
2268 1588 2312 1622 ab
2339 1587 2390 1621 in-

168 1664 300 1698 feriore
328 1662 459 1696 definit.
514 1662 784 1706 Appendicula,
819 1672 908 1705 qua,
944 1661 1140 1694 secundum
1166 1661 1334 1705 paginam
1361 1658 1453 1702 581,
1495 1670 1584 1693 anus
1612 1661 1830 1694 dorsatae
1856 1669 2011 1702 superne
2037 1657 2193 1691 munitus
2220 1660 2294 1698 est,
2328 1666 2390 1689 no-

166 1734 280 1765 strum
305 1730 527 1764 individuum
551 1733 665 1772 caret3
693 1740 781 1762 anus
809 1728 885 1772 ipse
912 1728 947 1761 in
973 1729 1102 1762 rimula
1128 1728 1359 1761 transversali
1384 1728 1481 1762 latet.
1533 1726 1578 1761 In
1595 1726 1725 1768 literis,
1754 1726 1799 1759 ad
1825 1736 1883 1759 me
1909 1725 2039 1767 missis,
2074 1723 2249 1768 Princeps
2275 1722 2388 1766 suspi-

168 1802 281 1840 catur,
309 1798 485 1842 quaedam
512 1797 695 1830 individua
720 1796 844 1830 forsan
872 1796 1108 1839 appendicula
1135 1795 1203 1828 ista
1230 1806 1371 1837 carere,
1401 1805 1526 1828 eamve
1552 1795 1669 1828 lusum
1694 1797 1844 1827 naturae
1869 1792 2054 1827 fortuitum
2081 1802 2172 1825 esse.
2224 1789 2392 1824 Picturas

168 1865 281 1899 nostri
305 1864 497 1906 individui,
531 1864 567 1897 in
594 1863 720 1907 spiritu
746 1863 821 1896 vini
847 1863 1039 1905 asservati,
1068 1863 1147 1896 icon
1174 1863 1295 1896 addita
1323 1862 1477 1896 exhibet.
1530 1861 1740 1902 Abdomen,
1775 1864 1916 1904 pectus,
1950 1871 2017 1893 nec
2042 1870 2113 1893 non
2141 1859 2256 1892 infera
2280 1858 2393 1891 facies

168 1932 294 1976 capitis
321 1936 356 1965 et
383 1936 542 1973 artuum,
577 1931 708 1975 pallide
741 1931 901 1964 colorata
935 1933 1034 1970 sunt,
1074 1930 1165 1963 sicut
1203 1930 1348 1963 dorsum
1381 1929 1556 1971 medium,
1598 1928 1663 1962 sed
1696 1928 1834 1971 punctis
1868 1927 2088 1972 maculisque
2123 1926 2245 1970 parvis
2281 1924 2392 1969 nigris

167 1999 268 2044 quasi
296 2000 485 2043 adspersa,
527 1998 563 2031 in
597 1997 786 2031 abdomine
820 1997 1096 2030 distinctioribus
1131 1997 1474 2041 confertim-ibasque
1502 1999 1537 2029 et
1570 1995 1703 2040 passim
1738 1995 2010 2028 confluentibus.
2071 1993 2252 2038 Quisque,
2297 2003 2392 2026 com-

167 2067 352 2111 paratione
379 2065 491 2099 nostri
517 2065 691 2098 individui
719 2076 799 2098 cum
826 2064 1063 2108 descriptione
1091 2064 1239 2106 coloris,
1274 2064 1405 2108 pagina
1424 2062 1514 2105 581,
1551 2063 1664 2104 edita,
1698 2062 1854 2103 videbit,
1892 2062 1998 2103 illud,
2033 2061 2101 2095 hoc
2126 2063 2310 2105 respectu,
2348 2059 2392 2093 ab

167 2134 235 2167 hac
262 2134 455 2167 admodum
482 2132 643 2174 (lifferre3
678 2132 755 2165 sine
782 2132 890 2164 dubio
919 2135 1080 2165 nostrum
1106 2131 1229 2164 vivum
1256 2131 1359 2164 aliter
1386 2131 1584 2165 coloratum
1609 2130 1695 2171 fuit,
1730 2131 1794 2164 sed
1826 2129 1961 2164 fasciae
1989 2129 2205 2163 alternantes
2231 2126 2392 2172 pallidio-

167 2213 225 2235 res
253 2204 288 2234 et
314 2200 560 2241 obscuriores,
588 2199 746 2242 cujusvis
773 2199 903 2232 coloris
929 2199 1081 2240 fuerint,
1117 2209 1266 2242 quarum
1284 2197 1459 2242 Princeps
1486 2202 1623 2240 autem,
1659 2198 1694 2231 in
1722 2197 1958 2241 descriptione
1985 2197 2225 2237 dorsatae,
2258 2194 2392 2228 nullam

168 2268 383 2302 mentionem
408 2267 511 2308 fecit,
539 2270 661 2300 nostro
688 2266 772 2299 vivo
799 2266 983 2310 specimini
1010 2277 1098 2299 sane
1119 2265 1215 2299 haud
1242 2266 1402 2299 deerunt.
1455 2264 1740 2310 Magnitudinem
1767 2269 1801 2298 et
1820 2265 1971 2308 partium
1987 2263 2251 2308 proportionem
2276 2261 2392 2306 figura

167 2335 435 2369 accuratissima
462 2334 607 2367 exhibet
626 2354 674 2358 —-
700 2332 849 2366 Femina
877 2337 910 2366 et
937 2333 1158 2366 individuum
1185 2333 1338 2377 pullum,
1373 2332 1513 2376 paginis
1540 2331 1751 2366 583—587
1778 2332 1970 2375 descripta,
2005 2330 2120 2374 magis
2147 2329 2263 2363 adhuc
2285 2339 2393 2373 quam

168 2414 244 2436 mas
272 2414 293 2435 a
319 2404 441 2435 nostro
469 2401 661 2444 specimine
689 2400 870 2433 secedunt.
922 2398 1065 2443 Pagina
1088 2398 1160 2433 589
1186 2400 1332 2440 dicitur,
1360 2399 1499 2439 icones,
1529 2410 1616 2443 quas
1644 2398 1764 2440 Sum,
1793 2398 1947 2432 DAUmN
1976 2401 2011 2431 et
2032 2397 2234 2431 LACEPEDE
2262 2396 2391 2430 edidis-

170 2473 268 2511 sent,
303 2480 435 2513 pravas
464 2479 555 2509 esse,
591 2467 773 2501 Sebanam
799 2466 939 2500 iconem
964 2470 1094 2507 tamen,
1130 2466 1212 2499 licet
1239 2466 1448 2510 pessimam,
1483 2466 1529 2499 ad
1556 2466 1784 2499 dorsatam
1812 2465 2050 2499 adhibendam
2077 2476 2168 2498 esse.
2210 2463 2269 2497 Ex
2289 2464 2392 2497 icone

171 2537 388 2569 dorsatae
416 2538 554 2576 autem,
590 2546 696 2579 quam
722 2532 896 2578 Princeps
930 2533 966 2566 in
992 2533 1174 2567 fasciculis
1200 2532 1237 2566 X
1263 2537 1298 2566 et
1325 2532 1381 2566 x]
1409 2532 1559 2566 leonum
1596 2533 1642 2566 ad
1669 2533 1761 2566 Ilist.
1797 2536 1867 2566 nat.
1895 2532 2026 2566 Brasil.
2055 2531 2185 2573 edidit,
2228 2541 2294 2564 nec
2320 2541 2393 2563 non

170 2615 189 2636 e
216 2602 453 2646 descriptione
481 2601 640 2644 ejusdem
666 2601 799 2645 speciei
826 2601 860 2634 in
887 2599 1065 2644 Principis
1092 2599 1273 2644 Symbolis
1292 2600 1311 2634 I
1338 2611 1370 2644 p.
1396 2599 1626 2642 576—586,
1662 2603 1828 2644 apparet,
1863 2600 1958 2633 illam
1986 2610 2008 2632 a
2040 2598 2102 2632 St.
2130 2598 2242 2631 BOJE1
2270 2601 2392 2631 nostro

169 2670 256 2704 satis
285 2669 446 2711 differre,
482 2669 612 2713 optime
639 2680 726 2702 vero
753 2672 874 2701 nostro
903 2668 963 2702 St.
993 2668 1179 2701 dorsato
1207 2668 1442 2711 respondere,
1476 2667 1559 2700 licet
1585 2678 1752 2701 mensura
1780 2672 1815 2700 et
1841 2666 2022 2711 proportio
2040 2665 2194 2711 partium
2220 2664 2392 2710 corporis,

170 2749 192 2770 a
218 2736 385 2780 Principe
412 2747 445 2780 p.
463 2734 534 2770 582
563 2740 597 2769 et
625 2735 697 2769 586
725 2735 927 2777 exhibitae,
975 2746 1056 2769 cum
1082 2746 1163 2768 mea
1190 2734 1426 2778 descriptione
1460 2734 1576 2768 minus
1603 2738 1812 2779 congruant.

320 2803 419 2841 Quid
454 2801 596 2847 itaque?
644 2801 785 2836 Numne
820 2814 943 2836 omnes
980 2805 1166 2843 auctores,
1200 2812 1257 2834 me
1292 2802 1368 2845 ipso
1404 2801 1501 2834 haud
1537 2805 1706 2845 excepto,
1750 2801 1889 2845 species
1923 2801 2084 2835 diversas
2119 2798 2394 2844 descripserint?

169 2870 310 2904 Numve
337 2871 403 2905 sub
431 2870 595 2904 omnibus
622 2870 691 2903 illis
719 2869 1036 2913 descriptionibus,
1072 2869 1164 2901 inter
1190 2879 1229 2902 se
1256 2872 1329 2901 tam
1356 2868 1654 2912 discrepantibus,
1689 2879 1761 2901 una
1789 2869 1985 2913 eademque
2012 2868 2149 2912 species
2176 2868 2304 2909 lateat,
2338 2878 2392 2901 se-

171 2938 324 2971 cundum
352 2949 478 2972 sexum
505 2940 659 2971 aetatem
685 2937 803 2970 locum
838 2940 902 2970 etc.
931 2934 1136 2969 variabilis?
1163 2955 1211 2960 —-
1255 2935 1337 2969 Hae
1364 2935 1610 2980 quaestiones,
1645 2939 1684 2968 ut
1716 2936 1841 2977 credo,
1882 2936 1968 2969 solis
1996 2935 2323 2975 observationibus,
2358 2933 2393 2967 in

170 3004 274 3048 copia
299 3005 434 3047 majore
461 3004 589 3038 horum
615 3004 821 3038 animalium
848 3003 1062 3045 viventium,
1101 3006 1135 3036 et
1168 3003 1204 3035 in
1230 3003 1310 3036 loco
1339 3013 1461 3036 eorum
1496 3003 1624 3044 natali,
1661 3002 1848 3044 institutis,
1882 3003 2049 3047 vitaeque
2074 3002 2231 3043 ratione,
2265 3011 2392 3044 propa-

170 3071 330 3115 gatione,
368 3072 582 3113 mutatione,
623 3071 860 3113 incremento,
888 3070 983 3104 haud
1007 3069 1198 3115 neglectis,
1234 3069 1326 3103 solvi
1362 3072 1520 3113 possunt.
1574 3070 1679 3103 Alter
1704 3070 1839 3103 utinam
1864 3069 2014 3103 ROESEL
2041 3068 2248 3103 Americam
2275 3067 2391 3109 adeat,

170 3138 229 3182 qui
257 3137 311 3170 his
338 3138 524 3180 postulatis
551 3138 764 3172 satisfaciat!
804 3137 925 3183 Usque
953 3138 1038 3171 dum
1064 3137 1144 3170 talis
1172 3136 1351 3180 expeditio
1379 3140 1505 3180 parata
1530 3137 1656 3178 fuerit,
1686 3137 1945 3180 optatissimum
1970 3137 2082 3177 foret,
2117 3135 2304 3179 quemdam
2330 3146 2393 3168 no-

172 3209 325 3238 strorum
351 3204 655 3248 reptiliologorum
683 3206 802 3238 omnia
827 3215 1039 3239 ranarum
1066 3207 1360 3238 cornutarum
1386 3203 1581 3244 individua,
1609 3204 1645 3236 in
1671 3205 1804 3238 museis
1824 3208 2020 3243 asservata,
2048 3202 2175 3235 saltem
2195 3213 2237 3235 ea
2261 3201 2391 3243 omnia,

173 3282 322 3315 quorum
349 3271 606 3314 descriptiones
634 3275 669 3304 et
696 3272 817 3305 icones
850 3272 966 3305 editae
994 3274 1095 3313 sunt,
1133 3271 1179 3303 ad
1205 3271 1398 3303 eruendam
1425 3281 1548 3303 eorum
1575 3271 1794 3304 identitatem
1823 3274 1883 3304 aut
1910 3268 2152 3302 diversitatem
2179 3269 2391 3312 specificam,

174 3339 277 3371 simul
304 3349 513 3381 comparare
541 3349 658 3381 posse.
711 3337 779 3371 Vir
805 3337 1083 3379 eruditissimus,
1116 3337 1182 3371 Dr.
1204 3336 1395 3378 WVAGLER,
1423 3337 1483 3381 qui
1505 3337 1581 3380 jam
1607 3349 1700 3371 nunc
1728 3337 1983 3381 descriptiones
2011 3339 2045 3368 et
2072 3335 2192 3369 icones
2219 3335 2390 3379 Reptilio-

172 3416 250 3438 rum
276 3406 381 3438 edere
408 3405 556 3449 incepit,
591 3404 681 3438 dixit
706 3404 810 3446 mihi,
845 3416 904 3445 se,
955 3405 1119 3439 examine
1156 3404 1314 3437 instituto
1349 3415 1428 3437 cum
1462 3404 1622 3448 pluribus
1655 3404 1869 3445 individuis,
1913 3403 1957 3436 de
1994 3403 2177 3437 identitate
2213 3402 2389 3436 Stombi

176 3472 350 3505 don-sati
377 3476 411 3505 et
438 3472 549 3506 Bosa!
578 3483 788 3516 persuasum
822 3483 862 3505 se
891 3471 1033 3505 habere.
