2534 3890
212 265 273 306 74
1131 259 1503 293 Barnaeum.

213 374 391 417 galai-em.
432 371 504 404 vita
537 370 1037 413 teretiusculo-cmnpressam
1071 379 1170 407 essc;
1205 369 1335 413 digitos
1371 369 1472 412 apice
1509 369 1633 401 subtus
1668 380 1817 403 verruca
1853 374 1994 412 auctos,
2036 370 2183 414 digitum
2219 374 2413 407 secundum

214 439 501 479 triarticulatum,
536 437 677 471 tertium
714 442 832 470 autem
867 435 1125 469 biarticulatmn
1163 447 1253 474 esse,
1321 436 1394 469 Sed
1430 435 1529 479 digiti
1570 435 1670 479 apice
1705 436 1846 480 quidem
1872 438 2180 471 subtumidiusculi
2205 443 2304 482 sunt,
2347 452 2414 474 nec

214 518 300 539 vero
331 516 478 537 verruca
506 505 619 546 aucti3
652 505 746 549 quod
773 515 859 536 vero
887 506 1011 535 auctor
1037 502 1080 535 de
1109 503 1265 536 articulis
1293 503 1481 547 digitorum
1509 502 1610 537 dicit.
1653 503 1799 546 quadrat
1829 504 1873 537 ad
1899 506 1994 538 solas
2028 506 2181 550 palmas,
2215 507 2413 551 plantarum

214 573 306 606 enim
333 572 463 615 digitus
490 572 668 605 secundus
696 575 730 603 ct
757 570 880 602 tertius
908 569 1129 603 trial-ticulati
1157 576 1247 603 sunt.

878 918 920 958 2.
1020 915 1751 958 &MAGULOSA

1064 1040 1167 1074 Atra
1176 1067 1184 1078 ,
1216 1041 1325 1088 flam)
1336 1061 1347 1067 -
1357 1042 1565 1075 maculam.

819 1177 1007 1210 Lacerta
1044 1176 1331 1209 salamandra
1368 1176 1474 1210 lex‘.
1510 1182 1574 1209 etc.

815 1244 1113 1277 Salamandra
1150 1243 1390 1276 terrestris
1431 1244 1520 1287 plur.
1549 1248 1639 1276 auct.

815 1310 1118 1344 Salamandra
1152 1311 1381 1344 maculosa
1418 1310 1541 1344 LAUR.

815 1377 1115 1411 Salamandra
1151 1378 1381 1411 maculata
1418 1377 1544 1411 MERR.

365 1531 482 1574 Hujus
507 1530 639 1573 speciei
666 1529 849 1562 individua
874 1530 989 1573 pluria
1016 1530 1050 1562 in
1077 1540 1201 1562 musco
1228 1533 1350 1563 nostro
1378 1533 1617 1562 asservantur.

369 1615 400 1648 1.
454 1614 612 1659 Nigra,
647 1613 837 1646 maculis
871 1613 1044 1658 magnis
1078 1613 1221 1647 flavis
1258 1613 1513 1658 irregularibus
1548 1613 1583 1645 in
1617 1612 1723 1646 dorso
1752 1613 1979 1657 etpedibus,
2017 1615 2193 1649 nonnullis
2227 1616 2420 1651 minoribus

215 1683 250 1715 in
277 1682 458 1716 lateribus.
511 1681 642 1715 Forma
668 1684 701 1714 et
728 1692 896 1714 numerus
931 1681 1151 1715 macularum
1178 1681 1274 1714 dorsi
1300 1681 1406 1714 valde
1432 1680 1624 1714 variabiles
1658 1684 1749 1714 sunt.
1808 1680 1901 1714 Aliis
1936 1683 2097 1715 maculae
2130 1694 2299 1727 magnae,
2334 1685 2419 1717 irre—

214 1750 378 1794 gulares,
413 1749 490 1783 sine
516 1749 640 1782 ordine
667 1748 879 1792 dispositae3
912 1748 990 1781 aliis
1018 1749 1206 1793 elongatae
1230 1759 1402 1793 magnae,
1440 1752 1501 1781 aut
1527 1748 1805 1781 subrotundatae
1830 1748 2004 1791 minores,
2032 1749 2067 1782 in
2093 1751 2204 1784 series
2231 1751 2320 1784 duas
2345 1752 2420 1784 lon-

213 1816 426 1861 gitudinales
453 1816 665 1860 disposita03
700 1816 798 1857 aliis,
835 1816 931 1860 quod
958 1820 1076 1849 autem
1102 1815 1218 1849 rarius
1247 1819 1318 1858 est,
1363 1816 1600 1857 confluentes,
1636 1818 1671 1847 ct
1704 1815 1810 1849 vittas
1845 1816 1934 1849 duas
1968 1816 2148 1861 elegantes
2182 1818 2419 1862 longitudinu-

215 1885 266 1917 les
294 1884 513 1917 exhibentes.
568 1881 685 1927 Caput
712 1883 804 1916 infra
829 1884 980 1924 ssavum,
1014 1895 1123 1926 supra
1150 1883 1266 1916 antico
1292 1883 1468 1916 interdum
1494 1882 1737 1926 ferrugineum
1764 1903 1810 1908 —-
1846 1881 2092 1917 Pal-otides
2127 1896 2299 1929 magnae,
2338 1887 2419 1919 sub-

214 1952 447 1992 reniformes,
483 1951 625 1983 oculum
650 1961 777 1983 versus
803 1950 910 1994 paulo
938 1950 1182 1994 angustiores,
1224 1961 1388 1993 porosae.
1448 1949 1521 1983 Per
1547 1950 1702 1983 medium
1736 1950 1854 1992 dorsi,
1897 1961 1919 1983 a
1953 1951 2091 1984 cervice
2124 1952 2169 1987 ad
2202 1953 2304 1986 basin
2338 1964 2418 1987 cau-

215 2019 281 2051 dae
317 2029 449 2062 usquc,
487 2018 620 2061 duplex
654 2017 766 2050 series
800 2028 1090 2050 verrucarum
1127 2017 1394 2062 contiguarum,
1429 2028 1518 2061 poro
1554 2017 1701 2049 centrali
1736 2017 2016 2060 perforatarum,
2062 2019 2228 2053 excurrit.
2287 2019 2421 2054 Latera

214 2096 368 2129 rugosa,
410 2085 568 2118 verrucis
603 2084 742 2118 circiter
776 2085 980 2126 duodecim,
1016 2084 1174 2128 magnis,
1208 2084 1366 2128 pol-osis,
1408 2084 1444 2116 in
1480 2084 1608 2117 seriem
1642 2084 1932 2129 longitudinalem
1969 2085 2159 2129 dispositis.
2219 2085 2354 2120 Venter
2387 2091 2422 2121 et

214 2153 298 2196 gula
325 2156 528 2185 transverse
554 2151 716 2195 rugulosi
742 2155 834 2193 sunt,
875 2151 994 2195 plica
1020 2151 1156 2194 majore
1183 2152 1415 2185 transversali
1441 2152 1557 2195 gulae.
1610 2150 1793 2185 Verrucac
1820 2153 1980 2186 dorsales
2007 2157 2042 2186 ct
2065 2154 2231 2188 laterales
2258 2155 2420 2189 onmibus

214 2224 295 2253 sunt
321 2219 531 2260 individuis,
566 2230 632 2252 nec
659 2230 745 2252 vero
773 2218 937 2252 omnibus
964 2229 1076 2263 aeque
1103 2218 1307 2261 distinctae,
1335 2219 1385 2252 ita
1411 2222 1449 2252 ut
1475 2219 1651 2252 interdum
1679 2220 1781 2253 oculo
1808 2219 1905 2253 haud
1932 2220 2065 2254 intento
2091 2221 2196 2255 facile
2223 2233 2262 2255 se
2289 2223 2418 2256 subdu-

213 2291 303 2320 cant.
364 2285 525 2320 Gauda
559 2289 671 2328 tercs,
708 2286 845 2330 apicem
877 2297 1003 2319 versus
1037 2287 1311 2331 subcompressa
1351 2287 1615 2331 subtetragona.
1686 2285 1835 2331 Digiti
1870 2287 2144 2331 depressiusculi
2177 2309 2224 2314 —
2257 2288 2418 2327 Rosssnh,

213 2354 455 2395 LATREILLE,
490 2352 614 2386 YVOLF
641 2353 747 2396 hujus
774 2353 906 2397 speciei
933 2353 1054 2387 icones
1081 2353 1363 2398 elegantissimas
1399 2357 1433 2386 et
1460 2354 1745 2387 accuratissimas
1772 2354 1969 2388 ediderunt.

362 2446 396 2481 2.
451 2444 798 2479 pallide-fusca
826 2450 886 2478 aut
914 2445 1422 2489 sordide-ferruginea,
1450 2446 1599 2478 maculis
1626 2445 1888 2489 pallidioribus;
1921 2447 2040 2479 colore
2067 2447 2180 2491 nigro,
2209 2448 2418 2483 sinewdubio

214 2514 247 2546 vi
276 2513 420 2556 spiritus
446 2513 536 2554 vini,
573 2516 798 2546 commutato.
852 2510 1084 2556 Magnitudo,
1126 2513 1244 2547 forma
1270 2516 1305 2545 et
1338 2513 1519 2556 proportio
1546 2513 1698 2556 partium
1725 2513 1884 2556 corporis
1918 2517 1953 2546 ct
1978 2525 2225 2553 verrucarum,
2266 2515 2357 2549 sicut
2384 2517 2417 2549 in

212 2580 500 2613 antecedentibus
528 2599 574 2603 ——
620 2580 679 2613 Ad
713 2580 804 2613 hanc
830 2580 1041 2613 varietatem
1067 2580 1189 2613 forsan
1216 2583 1353 2623 spectat
1380 2580 1680 2613 Salamandra
1714 2580 1843 2613 fusca
1870 2568 2012 2623 LAuR„
2052 2582 2146 2626 quod
2168 2582 2243 2624 jam
2271 2583 2330 2615 alii
2358 2594 2417 2617 au-

211 2652 346 2688 ctores,
384 2659 418 2680 v.
441 2658 470 2680 c.
497 2646 717 2680 Lim-snm
755 2651 790 2681 et
816 2645 987 2689 GMELIN,
1026 2647 1195 2691 suspicati
1230 2650 1321 2681 sunt.
1384 2646 1557 2689 DAUnm,
1591 2658 1624 2691 p.
1650 2647 1741 2689 226,
1779 2647 2051 2682 Salamandram
2087 2649 2225 2683 fuscam
2258 2661 2323 2694 pro
2357 2662 2416 2684 va-

212 2715 337 2748 rietate
364 2714 696 2747 Salamandrae
723 2718 849 2748 atrae
876 2715 1000 2757 habet,
1036 2719 1070 2749 et
1102 2715 1171 2748 hoc
1197 2725 1336 2760 quoque
1362 2715 1486 2748 forsan
1507 2714 1616 2757 juste.

363 2806 396 2840 3.
450 2805 612 2848 Minora,
646 2808 807 2840 subtus
843 2811 937 2841 tota
972 2807 1124 2851 nigra,
1159 2818 1267 2851 supra
1292 2807 1617 2848 ssavo—maculata,
1657 2806 1775 2851 qualia
1801 2806 1925 2840 WVOLF
1952 2808 1987 2840 in
2015 2807 2179 2841 STURMH
2215 2808 2339 2842 Fauna
2364 2809 2415 2851 11,

211 2875 282 2907 tab.
304 2874 337 2908 2.
365 2885 396 2907 a.
425 2873 594 2908 exhibuit.
641 2873 766 2908 Cauda
791 2876 905 2919 magis
932 2885 1137 2918 compressa
1163 2877 1216 2907 est
1242 2873 1426 2918 magisque
1453 2876 1638 2917 tetragona
1659 2885 1765 2918 quam
1791 2873 1826 2906 in
1855 2874 2144 2908 antecedentibus
2171 2876 2318 2918 adultis,
2344 2877 2416 2921 qui-

213 2942 360 2974 buscum
386 2940 475 2974 haec
501 2941 639 2975 minora
666 2945 846 2975 caeterum
871 2942 988 2975 forma
1021 2945 1053 2974 et
1082 2940 1309 2985 proportione
1336 2939 1488 2984 partium
1522 2940 1663 2974 omnino
1691 2941 1916 2975 conveniunt.

361 3032 395 3065 4.
449 3033 676 3068 Individuum
709 3045 869 3067 recens
905 3038 1073 3076 natum;
1108 3044 1217 3066 unum
1252 3045 1298 3067 ex
1333 3033 1422 3074 illis,
1460 3044 1551 3078 quae
1581 3033 1844 3066 BLUMENBACH
1878 3034 1953 3077 ipse
1990 3035 2088 3068 nasci
2123 3034 2210 3067 vidit
2235 3053 2281 3058 —
2322 3033 2414 3068 Vide

215 3099 356 3133 tabulae
391 3104 534 3133 nosti-ac
558 3100 631 3135 XV
666 3101 723 3145 fig.
751 3101 929 3135 Vl—lx
966 3121 1011 3125 —
1049 3100 1254 3145 Longitudo
1287 3100 1312 3134 7
1333 3100 1519 3134 linearum.
1587 3098 1726 3143 Corpus
1762 3101 2135 3145 compressiusculum3
2176 3101 2286 3134 cauda
2322 3113 2415 3135 com-

215 3178 355 3210 pressa,
391 3168 595 3200 membrana
621 3169 782 3201 verticali
808 3169 932 3202 cincta.
992 3168 1127 3202 Latera
1153 3167 1336 3212 caudaque
1372 3167 1568 3200 distinctius
1602 3168 1833 3201 transversim
1859 3168 2029 3213 rugulosa
2055 3172 2152 3208 sunt,
2195 3178 2299 3211 quam
2327 3169 2416 3202 alias

213 3234 322 3266 larvis
349 3233 608 3266 batrachiorum
637 3246 715 3267 esse
743 3236 866 3268 solent.
927 3234 1044 3279 Caput
1077 3240 1201 3268 trunco
1228 3234 1337 3267 multo
1372 3234 1499 3276 latius;
1534 3234 1713 3268 branchiis
1747 3236 1858 3269 tribus
1891 3234 2096 3268 lateralibus
2132 3234 2260 3268 ciliatis
2295 3246 2413 3269 exser-

213 3302 266 3334 tis.
320 3299 438 3334 Pedes
465 3300 602 3344 digitati
627 3302 787 3344 perfecti.
848 3301 957 3335 Color
982 3303 1125 3336 sordide
1152 3302 1261 3335 dilute
1289 3301 1515 3345 ferrugineus
1553 3302 1763 3344 (alteratus).

361 3391 394 3426 5.
448 3392 616 3426 Foetus
643 3393 817 3436 plures,
853 3404 898 3426 ex
925 3398 1026 3427 utero
1053 3395 1208 3428 feminae
1236 3393 1406 3438 gravidae
1434 3394 1585 3436 exemti,
1628 3398 1664 3427 at
1698 3394 1839 3428 omnino
1865 3393 2012 3435 maturi3
2056 3394 2201 3427 artubus
2236 3393 2413 3427 branchiis

213 3463 277 3492 ctc.
306 3460 476 3493 distinctis
504 3464 539 3493 et
565 3460 655 3493 sicut
683 3459 717 3492 in
744 3471 868 3493 recens
894 3466 996 3499 nato,
1029 3463 1104 3505 jam
1131 3461 1329 3504 descripto,
1363 3461 1543 3503 formatis,
1586 3462 1648 3495 sed
1675 3460 1944 3495 ssaccidioribuS.
2007 3458 2117 3493 Color
2143 3472 2268 3494 recens
2295 3471 2412 3493 exem-

214 3529 328 3558 torum
346 3538 497 3570 superne
524 3531 601 3560 erat
626 3527 990 3571 cinereo-nigricans,
1019 3529 1154 3562 inferne
1181 3529 1338 3569 albidus,
1368 3528 1403 3560 in
1430 3529 1554 3572 spiritu
1582 3529 1654 3561 vini
1682 3533 1799 3561 autem
1825 3530 2059 3561 commutatus
2085 3532 2138 3561 cst
2165 3528 2227 3565 ita,
2256 3531 2292 3560 ut
2320 3539 2412 3560 nunc

212 3592 375 3635 pallidior
400 3594 444 3625 sit
470 3606 574 3637 quam
601 3595 635 3626 in
664 3606 786 3627 recens
811 3598 912 3631 nato,
940 3606 1047 3638 supra
1074 3596 1262 3639 descripto.
1316 3594 1520 3639 Longitudo
1548 3596 1725 3639 corporis.
1755 3595 1867 3628 cauda
1895 3598 2061 3638 excepta..
2096 3592 2207 3627 4-7
2228 3594 2410 3627 linearum.
