2632 3890
1002 542 1485 597 GEN'US
1611 541 1732 595 lv.

670 740 1726 809 TERRAPENE
1865 765 2056 808 MERR.

962 910 1516 967 CISTUDA
1627 915 1774 960 SAY.

813 1184 855 1225 1.
940 1184 998 1227 T.
1084 1181 1916 1226 TRICARINATA.

815 1317 958 1353 Stet-no
985 1316 1142 1361 bimzlm',
1169 1321 1268 1352 testa
1293 1316 1532 1352 {riom-inam
1557 1314 1709 1351 scabra.
1762 1315 1906 1351 MERR.

406 1465 540 1531 Hanc
565 1494 723 1539 speciem
748 1493 945 1529 SCHOEPFF
971 1505 1053 1540 pag.
1081 1494 1122 1537 9,
1150 1495 1222 1529 tab.
1248 1492 1289 1528 Π
1315 1492 1445 1538 optime
1472 1492 1660 1537 descripsit
1685 1496 1720 1526 et
1745 1492 1843 1538 pingi
1869 1491 2018 1527 curavit.
2068 1491 2153 1528 Duo
2179 1492 2364 1528 individua
2388 1504 2464 1528 mu-

254 1563 307 1597 sei
339 1563 453 1597 nostri
479 1574 559 1596 cum
586 1563 655 1596 illis
683 1562 977 1606 descriptionibus
1005 1566 1041 1595 et
1065 1563 1228 1595 iconibus
1256 1561 1522 1595 accuratissime
1549 1563 1766 1605 congruunt,
1800 1572 1909 1594 unum
1936 1571 2061 1594 eorum
2087 1564 2241 1595 attamen
2267 1562 2373 1605 paulo
2400 1561 2463 1596 mi-

253 1641 319 1664 nus
347 1634 411 1672 est,
439 1630 609 1663 lateribus
636 1630 742 1673 paulo
771 1630 1020 1673 compressius,
1048 1630 1201 1673 indeque.
1226 1630 1343 1662 forma
1368 1629 1485 1661 minus
1509 1629 1711 1670 orbiculari,
1739 1629 1859 1661 colore
1887 1628 2168 1662 dilutebrunneo.
2196 1628 2354 1662 Sterni
2380 1641 2463 1673 pars

252 1698 369 1731 antica
396 1702 430 1731 et
456 1708 538 1741 pars
564 1697 701 1740 postica
726 1697 876 1730 mobiles
903 1700 1005 1739 sunt3
1033 1697 1262 1730 scutellorum
1288 1707 1482 1739 parvorum
1508 1696 1705 1728 anticorum
1730 1699 1854 1728 sutura
1880 1695 2091 1728 intermedia
2117 1696 2154 1729 in
2180 1707 2250 1730 uno
2278 1696 2462 1730 individuo

252 1765 434 1807 distincta,
461 1765 498 1797 in
524 1764 636 1798 altero
664 1767 784 1798 autem
807 1765 885 1798 fere
913 1764 1056 1799 exoleta
1083 1767 1147 1797 est.
1199 1763 1257 1798 De
1283 1763 1394 1797 sterni
1419 1763 1613 1796 mobilitate
1641 1763 1805 1796 conferas
1838 1774 1971 1807 quaeso
2006 1774 2097 1808 quac
2124 1763 2170 1797 ad
2202 1763 2357 1808 speciem
2382 1775 2462 1809 pro-

251 1832 384 1865 ximam
410 1830 574 1865 monebo.

401 1898 567 1932 Tertium
591 1898 704 1931 nostri
730 1898 844 1932 musei
870 1898 1092 1931 individuum
1118 1901 1292 1931 scutum
1319 1897 1505 1930 dorsale
1533 1896 1641 1930 habet
1666 1896 1887 1941 longitudine
1913 1896 1936 1931 2
1963 1897 2131 1940 pollicum
2158 1900 2193 1930 et
2221 1897 2239 1931 1
2256 1897 2384 1939 lineae,
2411 1897 2460 1930 la-

250 1967 398 1999 titudine
427 1966 473 2008 1}
499 1965 686 2009 pollicum3
739 1966 895 1998 colore
922 1969 976 1998 est
1002 1965 1112 1998 dilute
1139 1965 1545 2006 castaneo-ssavicante,
1581 1965 1736 1998 scutellis
1763 1965 2022 1998 vcrtebralibus
2050 1965 2155 2008 paulo
2183 1965 2459 2007 obscurioribus,

248 2037 367 2067 sterno
395 2036 430 2065 et
455 2032 685 2066 scutellorum
710 2032 959 2076 marginalium
984 2036 1086 2076 parte
1112 2033 1237 2065 subtus
1264 2032 1401 2065 reflexa
1426 2032 1548 2064 fulvis.
1611 2031 1827 2065 Scutella
1853 2032 1922 2064 duo
1949 2043 2061 2076 parva,
2088 2032 2204 2065 antica
2230 2032 2376 2066 sterni
2402 2043 2459 2065 su-

247 2105 327 2134 tura
354 2101 492 2144 penitus
520 2100 651 2132 coalita
677 2103 776 2140 sunt,
805 2100 854 2132 ita
880 2102 920 2132 ut
945 2103 1090 2132 suturae
1117 2099 1253 2132 nullum
1279 2099 1433 2142 supersit
1460 2099 1659 2143 vestigium.
1720 2098 1931 2132 Scutella
1965 2100 2272 2141 vertebralia,
2309 2099 2459 2133 caeteris

247 2168 410 2211 paribus,
439 2167 647 2210 angustiora
674 2170 756 2200 sunt
781 2178 887 2210 quam
913 2167 949 2199 in
975 2167 1172 2199 minoribus
1199 2166 1411 2207 individuis,
1441 2167 1485 2198 de
1512 2177 1581 2210 quo
1604 2167 1680 2208 jam
1707 2167 1771 2199 sub
1789 2165 1925 2209 Emyde.
1951 2166 2081 2199 lutaria
2106 2166 2245 2199 locutus
2271 2177 2360 2199 sum.
2389 2165 2457 2199 Ca-

245 2235 347 2269 rinae
374 2234 501 2266 horum
527 2233 756 2266 scutellorum
781 2233 896 2276 magis
923 2233 1135 2275 deplanatae
1162 2236 1261 2274 sunt,
1289 2238 1420 2277 puncta
1447 2236 1481 2265 et
1507 2233 1615 2265 striae.
1642 2236 1760 2265 autem
1787 2233 1902 2265 minus
1929 2233 2132 2274 distinctae,
2160 2244 2266 2278 quam
2292 2233 2328 2266 in
2345 2233 2457 2277 speci-

244 2302 398 2334 minibus
424 2300 630 2333 minoribus.
674 2298 805 2332 Omnia
830 2299 920 2332 haec
945 2300 1163 2343 respondent
1187 2300 1460 2341 mutationibus,
1487 2310 1575 2344 quas
1602 2302 1733 2342 testae,
1760 2299 1977 2334 incremento
2005 2303 2178 2345 augente,
2205 2299 2312 2335 etiam
2338 2301 2376 2334 in
2400 2312 2456 2334 re-

244 2368 350 2412 liquis
376 2367 593 2401 testudinum
619 2367 826 2410 speciebus,
855 2366 1018 2402 subcunt.

947 2703 991 2745 2.
1110 2701 1749 2745 T.CLAUSA.

970 2827 1111 2862 Storna
1139 2825 1294 2870 binam,
1320 2825 1453 2875 (lz'gilis
1479 2824 1617 2862 liberis.
1671 2827 1723 2862 M

391 2969 596 3004 Secundum
630 2971 839 3015 (liagnosem
871 2969 1070 3004 MERREMH
1106 2975 1262 3005 sternum
1295 2970 1401 3014 hujus
1435 2970 1662 3014 Terrapenes
1696 2970 1839 3004 bivalve
1875 2976 1938 3006 est.
2015 2972 2060 3007 In
2092 2976 2213 3006 nostro
2240 2972 2444 3016 specimine,

239 3036 334 3070 sicco
363 3037 523 3080 quidem,
558 3049 622 3069 nec
648 3039 683 3070 in
711 3039 835 3081 spiritu
862 3039 935 3071 vini
963 3042 1167 3080 asservato,
1203 3038 1281 3071 sola
1307 3048 1411 3081 pars
1438 3038 1589 3070 antica
1616 3039 1763 3071 sterni
1789 3040 1926 3073 moveri
1951 3044 2085 3083 potcst3
2114 3040 2323 3083 dubitoque,
2359 3051 2443 3074 num

240 3104 345 3136 etiam
372 3103 516 3135 animali
544 3104 625 3136 vivo
643 3115 726 3146 pars
743 3105 853 3137 sterni
880 3106 1016 3148 postica
1042 3106 1181 3139 mobilis
1207 3105 1333 3145 fuerit,
1362 3116 1442 3137 cum
1468 3109 1591 3137 sutura
1617 3105 1708 3137 inter
1735 3107 1907 3149 posticam
1933 3111 1968 3140 et
1989 3106 2141 3140 mediam
2158 3106 2267 3139 sterni
2293 3112 2440 3149 partem,

240 3182 349 3214 quae,
391 3170 469 3202 vice
498 3170 698 3211 cardinum,
741 3175 900 3204 centrum
926 3176 1041 3205 motus
1070 3185 1148 3206 esse
1176 3173 1338 3212 deberet,
1390 3182 1502 3214 aeque
1531 3176 1681 3215 angusta
1709 3177 1743 3205 et
1770 3177 1934 3206 concreta
1960 3174 2006 3206 sit
2032 3184 2073 3206 ac
2101 3173 2256 3217 reliquae
2284 3178 2440 3216 suturae,

241 3241 391 3280 excepta
418 3248 481 3278 ea,
527 3249 617 3281 quae
645 3242 780 3280 partem
807 3239 959 3272 anticam
994 3244 1027 3272 et
1054 3241 1206 3273 mediam
1239 3238 1350 3271 sterni
1385 3239 1557 3282 sejungit,
1610 3240 1841 3283 profundiore
1876 3244 1910 3272 et
1943 3240 2159 3272 canaliculae
2193 3241 2441 3274 transversalis

240 3304 373 3337 latioris
401 3304 554 3347 speeiem
581 3305 791 3347 p1·.·1ebente,
821 3305 972 3349 indeque
1000 3318 1132 3340 nexum
1165 3306 1339 3340 laxiorem
1366 3305 1474 3348 partis
1502 3307 1638 3339 amicae
1667 3312 1699 3339 et
1728 3308 1865 3340 mediae
1892 3307 2150 3340 manifestante.

390 3369 591 3415 Descriptio
620 3375 653 3403 et
681 3372 759 3404 icon
787 3372 880 3414 apud
907 3372 1190 3415 SCHOEPFFIUM,
1232 3383 1311 3416 pag.
1340 3371 1406 3412 32,
1442 3373 1511 3405 tab.
1540 3372 1631 3415 VII,
1667 3385 1747 3407 cum
1773 3373 1964 3416 specimine
1989 3384 2068 3406 meo
2096 3378 2311 3418 congruunt,
2346 3374 2443 3418 quod

241 3436 310 3469 illis
337 3440 452 3468 tamen
479 3438 720 3482 magnitudine
748 3438 927 3483 aliquanto
956 3440 1057 3473 cedit.
1135 3440 1332 3474 Scutellum
1364 3439 1558 3484 marginale
1587 3441 1741 3475 anticum
1774 3443 1981 3484 angustum,
2033 3442 2227 3476 secundum
2261 3444 2442 3475 auctorem
