2534 3890
198 212 259 256 58
1110 211 1486 248 BATRACHIA.

196 323 261 356 sub
289 334 331 356 eo
359 323 572 356 confudisse.
624 322 735 357 Icon
769 323 996 358 Daudiniana
1023 321 1254 365 (marginibus
1277 320 1401 365 capitis
1427 324 1462 354 et
1490 320 1715 354 maxillarum
1742 321 1955 366 epidermide
1982 320 2084 364 nigra
2108 318 2258 360 vestitis)
2284 318 2401 362 quoad

199 393 304 432 caput
331 393 365 421 et
391 393 553 423 truncum
579 401 660 423 cum
685 395 807 424 nostro
836 390 1016 424 individuo
1044 388 1224 433 congruit3
1256 389 1454 433 porotides,
1489 388 1525 420 in
1551 387 1786 431 descriptione.
1812 389 1934 422 latae
1969 387 2115 430 (larges)
2142 385 2401 426 denominatae,

199 456 233 487 in
260 455 361 487 icone
388 456 587 490 subovatae
613 457 794 492 exhibitae
819 461 918 498 sunt,
952 456 1165 500 minimeque
1190 456 1304 499 latae3
1344 456 1408 489 sed
1434 454 1625 499 vestigium
1659 455 1812 496 caudae,
1846 455 1883 488 in
1908 456 2010 489 icone
2037 452 2284 496 conspicuum,
2325 452 2402 485 sine

197 522 303 554 dubio
331 525 473 565 praeter
498 527 662 558 naturam
689 528 760 566 est3
803 523 902 567 digiti
928 522 1055 566 postici
1081 522 1115 556 in
1141 522 1244 556 icone
1270 522 1480 567 pravissime
1506 520 1660 566 neglecti
1685 524 1778 554 sunt.

345 596 461 631 Bufo
488 599 649 632 scaber
675 598 908 632 Scamnum
945 608 966 630 a
991 596 1199 631 Mammam
1232 598 1507 642 interrogative,
1544 597 1709 631 scaber
1737 599 1772 629 et
1798 595 2092 640 bengalensis
2127 593 2311 628 DAUDm'n
2339 603 2399 625 au-

194 666 264 695 tem
292 663 490 707 definitive,
536 666 581 698 ad
607 664 824 699 marinum
850 664 1069 709 rediguntur.
1131 664 1274 698 SCfflNz
1301 676 1441 709 quoque
1477 664 1526 707 (in
1554 663 1733 697 Translat.
1762 660 1852 696 Cuv.
1879 673 1912 706 p.
1936 662 2021 704 176)
2059 662 2223 695 scabrum
2257 663 2292 693 et
2315 660 2399 693 ben-

192 730 375 773 galensem
402 732 448 765 ad
475 732 650 765 marinum
682 732 803 765 refert.
856 731 1076 765 SCHNEIDER
1109 731 1210 773 dicit,
1244 732 1409 765 scabrum
1434 731 1624 775 praecipue
1658 729 1712 763 his
1748 729 1842 763 notis
1876 739 1898 762 a
1922 729 2058 762 marino
2093 728 2234 761 differre
2266 726 2398 760 videri:

192 795 309 841 Caput
336 809 460 831 versus
486 799 599 831 latera
624 798 737 842 magis
764 799 901 832 latescit
929 800 978 842 (in
1004 803 1128 832 nostro
1155 798 1282 831 scabro
1310 796 1513 839 DAUDINH,
1541 808 1605 831 seu
1630 796 1875 830 melanosticto
1911 795 2164 837 Sanssmmu,
2198 798 2305 838 caput
2329 805 2402 827 non

192 864 307 897 solum
333 876 403 897 non
430 865 543 908 magis
571 865 728 907 latescit,
772 866 835 899 sed
862 866 978 909 potius
1005 866 1110 910 paulo
1146 866 1331 910 angustius
1359 877 1438 898 esse
1465 865 1606 898 videtur
1632 875 1738 909 quam
1763 863 1798 896 in
1825 862 1998 905 marino),
2045 862 2201 895 anterius
2235 861 2341 894 etiam
2368 864 2403 893 et

191 931 366 974 posterius
393 931 506 975 magis
533 931 742 976 depressum
769 936 803 965 et
830 945 1024 966 concavum
1053 935 1106 966 est
1133 932 1183 975 (in
1209 936 1329 966 nostro
1356 932 1446 966 haec
1472 935 1554 965 sunt
1579 931 1671 965 sicut
1705 930 1741 964 in
1767 930 1938 973 111arin0);
1981 940 2105 974 margo
2133 928 2269 962 orbitae
2295 937 2404 972 supra

190 997 397 1040 palpebram
423 998 643 1042 superiorem
668 1000 783 1044 magis
812 1003 928 1033 exstat
962 999 1084 1043 (etiam
1116 999 1153 1034 in
1185 1003 1307 1033 nostro
1344 999 1401 1033 hic
1434 1011 1558 1043 margo
1594 998 1700 1043 paulo
1736 997 1850 1043 magis
1885 999 2003 1031 exstat
2037 1007 2142 1041 quam
2175 995 2211 1028 in
2237 995 2401 1036 marino),

190 1064 428 1108 palpebraque
454 1065 550 1109 ipsa,
587 1077 769 1107 convexa,
806 1066 899 1100 infra
924 1068 1139 1111 marginem,
1174 1078 1245 1100 non
1272 1078 1386 1111 aequa
1413 1067 1582 1111 margini,
1619 1069 1658 1099 ut
1684 1065 1719 1098 in
1744 1065 1900 1106 marino,
1935 1064 2097 1108 apposita
2124 1067 2177 1097 est
2205 1063 2253 1105 (in
2280 1065 2401 1096 nostro

189 1130 433 1165 melanosticto
461 1135 496 1165 et
521 1133 658 1166 marino
685 1134 856 1177 palpebra
882 1134 976 1167 infra
1000 1134 1195 1178 marginem
1223 1134 1384 1178 apposita
1411 1136 1499 1177 est);
1532 1144 1705 1167 verrucae
1739 1132 1847 1166 totius
1881 1132 2040 1175 corporis
2066 1131 2176 1164 multo
2204 1129 2403 1174 asperiores

192 1198 299 1241 (quod
325 1202 448 1232 nostro
484 1201 708 1243 respondet);
750 1202 859 1244 pedes
885 1201 1070 1234 breviores
1099 1204 1233 1241 (nostro
1261 1201 1324 1235 vix
1350 1202 1455 1245 paulo
1483 1201 1700 1243 breviores),
1744 1199 1903 1232 verrucis
1937 1198 2072 1242 asperis
2106 1197 2211 1231 obsiti
2238 1197 2342 1235 (sicut
2367 1196 2403 1229 in

188 1267 323 1307 nostro)
353 1286 401 1290 —
436 1265 492 1299 De
518 1266 698 1300 Rusone
727 1278 747 1311 p
759 1269 967 1301 ustuloso
997 1271 1113 1312 (quem
1139 1267 1307 1302 MERREM
1334 1280 1397 1312 pro
1425 1269 1543 1313 specie
1562 1267 1735 1312 peculiari
1760 1266 1905 1310 recepit)
1934 1268 1969 1298 et
1993 1264 2187 1298 brasilie
2198 1276 2219 1297 11
2231 1264 2268 1298 si
2300 1263 2402 1297 LAU-

189 1340 335 1373 amru,
370 1344 434 1366 seu
461 1334 636 1366 Rusone
663 1334 795 1378 Agua
829 1334 1064 1376 LAem’Enffl,
1100 1335 1319 1371 Scnrvssumst
1344 1340 1440 1369 recte
1468 1336 1620 1377 dubitat,
1656 1345 1741 1367 num
1768 1334 1813 1367 ad
1847 1333 2064 1367 marinum
2089 1331 2216 1366 referri
2249 1331 2403 1375 possint;

189 1409 276 1432 sane
302 1399 398 1432 nullo
425 1401 531 1434 modo
568 1401 614 1434 ad
639 1400 732 1434 hunc
767 1402 960 1446 quadrant,
1005 1403 1099 1446 quod
1127 1403 1232 1436 etiam
1267 1414 1286 1436 e
1323 1403 1438 1437 citatis
1471 1402 1596 1436 SEBAE
1618 1401 1638 1435 I
1671 1402 1740 1435 tab.
1758 1400 1807 1435 74
1839 1400 1898 1445 fig.
1917 1400 1936 1434 1
1962 1402 1998 1433 et
2015 1399 2037 1434 2
2065 1401 2173 1443 patet.
2233 1397 2400 1432 MERREM

189 1465 334 1510 Agnam
368 1466 584 1501 LACEPEDEI
622 1469 687 1501 sub
713 1468 856 1502 nomine
888 1469 1231 1504 Bombinatoris
1266 1470 1481 1504 maculati
1515 1469 1659 1513 recepit.
1721 1468 1787 1502 His
1823 1468 1929 1501 etiam
1963 1466 2123 1512 quaestio
2155 1466 2400 1500 BEcnsmNn

187 1531 344 1570 (Transl.
372 1532 510 1568 LACEP.
527 1534 567 1568 II
594 1546 627 1578 p.
645 1534 751 1578 485),
786 1547 870 1569 num
896 1537 1023 1570 scaber
1049 1536 1283 1571 Scuxmnssm
1317 1537 1363 1571 ad
1388 1537 1534 1581 Aguam
1560 1535 1776 1570 LAcssrEnm
1812 1534 2033 1569 adhibendus
2070 1534 2132 1576 sit,
2176 1537 2327 1577 negatur
2352 1553 2399 1556 —

187 1599 284 1632 Bufo
311 1599 476 1634 Levini
503 1600 723 1643 Vlacmrn,
761 1603 861 1646 cujus
889 1603 1130 1646 SCHNEJDER,
1165 1615 1197 1648 p.
1217 1605 1309 1647 223,
1343 1605 1559 1638 mentionem
1583 1603 1685 1645 fecit,
1713 1603 1832 1637 colore
1859 1602 2000 1647 quidem
2027 1613 2107 1636 cum
2130 1604 2252 1635 nostra
2284 1599 2400 1634 varie-

187 1670 259 1699 tate
281 1666 299 1700 1
329 1668 457 1701 marini
484 1669 667 1711 convenit3
695 1681 774 1703 cum
801 1673 919 1704 autem
937 1671 1126 1715 descriptio
1152 1672 1256 1705 nimis
1273 1671 1392 1706 brevis
1419 1672 1475 1714 sit,
1501 1671 1551 1705 nil
1578 1671 1664 1705 certi
1689 1670 1771 1704 inde
1799 1670 1874 1703 erui
1892 1672 2009 1713 potest
2026 1690 2074 1693 >—
2101 1667 2192 1704 Tria
2217 1667 2400 1701 individua

183 1733 385 1773 Bufonum,
427 1747 475 1771 ex
501 1735 605 1771 India
632 1737 795 1771 orientali
828 1738 863 1770 in
890 1749 1051 1772 museum
1076 1738 1333 1773 ameum-on
1360 1739 1530 1783 migrata,
1576 1750 1666 1784 quae
1701 1737 1940 1779 Smmmnmz,
1988 1746 2067 1781 pag.
2087 1735 2178 1778 224,
2213 1734 2399 1779 descripsit

184 1804 218 1833 et
245 1812 308 1844 pro
335 1802 430 1835 veris
457 1803 640 1837 scabris
668 1805 831 1848 agnovit,
868 1806 1059 1850 praecipue
1086 1807 1201 1850 spatio
1229 1806 1320 1840 inter
1346 1807 1469 1840 oeulos
1498 1818 1606 1848 cavo,
1650 1805 1739 1838 alias
1765 1804 1877 1846 laevi,
1922 1803 2080 1837 verrucis
2113 1803 2233 1847 parvis
2260 1813 2400 1846 aspero,

183 1868 280 1901 velut
306 1869 412 1902 etiam
438 1870 515 1903 basi
543 1874 578 1903 et
604 1871 736 1905 ambitu
762 1873 953 1916 palpebrae
981 1873 1175 1917 superioris
1203 1878 1237 1908 et
1263 1874 1409 1918 regione
1444 1874 1539 1907 circa
1564 1884 1669 1907 nares
1702 1872 1929 1906 mucronibus
1964 1881 2195 1904 verrucorum
2221 1869 2399 1911 horrente,

182 1935 348 1968 distincta
375 1940 474 1979 sunt3
515 1938 577 1970 sed
606 1939 640 1971 in
666 1943 787 1972 nostro
815 1941 941 1973 scabro
969 1939 1172 1982 Dimum,
1215 1952 1280 1975 seu
1305 1941 1549 1975 melanosticto
1577 1940 1830 1981 Scuxmnfflu,
1870 1938 2022 1983 spatium
2059 1938 2146 1971 illud
2179 1937 2399 1970 levissimum

182 2006 253 2043 est,
289 2006 323 2035 at
350 2014 525 2037 verrucae
552 2005 744 2048 palpebrae
771 2006 965 2049 superioris
994 2010 1028 2040 et
1061 2008 1218 2052 regionis
1252 2008 1348 2041 eirca
1382 2020 1487 2041 nares
1520 2008 1617 2041 haud
1652 2007 1818 2041 differunt
1851 2017 1873 2040 a
1897 2005 2057 2039 verrucis
2091 2004 2228 2038 marini.
2280 2003 2398 2038 Notae

180 2068 289 2111 istae,
335 2081 357 2102 a
383 2070 626 2105 SCHMHDERO
661 2073 705 2106 ad
733 2074 897 2107 scabrum
934 2074 1089 2117 relatae,
1134 2075 1264 2119 optimc
1292 2076 1336 2109 ad
1369 2079 1527 2109 nostram
1564 2075 1718 2118 speciem
1752 2076 1977 2119 sequentem,
2023 2082 2231 2116 asperum
2258 2072 2398 2115 javani-

179 2147 276 2178 cum,
312 2138 504 2181 quadrant,
549 2139 608 2182 qui
636 2143 754 2173 autem
782 2140 924 2174 defectu
956 2142 1126 2186 marginis
1155 2142 1285 2175 elevati
1318 2142 1412 2176 circa
1444 2143 1634 2187 palpebras
1668 2142 1893 2186 superiores,
1937 2151 2003 2175 nec
2028 2151 2100 2174 non
2125 2140 2242 2174 forma
2268 2139 2397 2183 paroti—

179 2203 233 2237 dis
260 2204 458 2249 plantisque
486 2205 670 2249 palmatis,
714 2208 758 2240 ab
785 2206 852 2241 hac
879 2207 997 2252 speeie
1025 2209 1147 2254 quinta
1172 2209 1259 2244 satis
1286 2209 1412 2244 differt.

329 2279 387 2313 De
412 2280 596 2314 Bufone
623 2283 790 2316 scabro
823 2283 947 2316 Srlxn
976 2285 1141 2319 conseras
1174 2288 1335 2319 nostrum
1370 2284 1413 2319 Β.
1441 2285 1678 2327 musicum,
1719 2295 1754 2318 n.
1779 2283 1814 2318 8.

330 2355 448 2388 Bufo
481 2356 780 2400 bengalensis
816 2357 999 2392 DAUDINH
1036 2359 1142 2402 (Ilist.
1169 2359 1261 2394 Rau.
1298 2372 1331 2405 p.
1352 2360 1418 2402 96,
1456 2361 1525 2394 tab.
1545 2358 1612 2402 35,
1653 2359 1710 2404 fig.
1731 2359 1766 2401 1)
1801 2359 1870 2392 huc
1901 2358 2064 2402 pertinet.
2123 2356 2326 2401 Descriptio
2361 2362 2396 2390 et

180 2421 260 2453 icon
288 2420 552 2466 elegantissima
578 2427 611 2456 et
639 2424 915 2467 perfectissima,
957 2427 1176 2470 marginibus
1205 2428 1352 2462 elevatis
1379 2427 1522 2460 verticis
1557 2431 1591 2460 et
1623 2426 1850 2472 maxillarum
1877 2425 2094 2469 epidermide
2119 2425 2223 2469 nigra
2249 2424 2394 2466 orbatis,

183 2499 228 2520 ex
256 2499 336 2521 asse
364 2500 444 2522 cum
468 2493 591 2523 nostro
618 2491 862 2525 111elanosticto
890 2493 1114 2527 conveniunt.
1168 2493 1282 2527 Miror
1309 2498 1446 2537 autem,
1482 2494 1577 2539 quod
1603 2496 1746 2536 auctor,
1773 2494 1795 2527 1.
1815 2505 1865 2535 c.,
1899 2492 2079 2537 proferat,
2106 2491 2199 2526 hunc
2224 2492 2394 2526 bufonem

183 2555 431 2588 calamitae
457 2557 562 2589 valde
590 2557 732 2591 affinem
760 2570 860 2601 esse,
897 2571 919 2592 a
947 2571 1017 2604 quo
1044 2563 1162 2596 tamen
1187 2561 1307 2595 multis
1334 2561 1491 2595 discedit.

914 2920 957 2961 6.
1055 2921 1547 2973 RASPER,
1618 2934 1661 2964 N.

593 3043 831 3078 ff'etvweosu-
845 3057 977 3091 asper,
1016 3045 1197 3092 pat-olida
1231 3052 1364 3090 ocula,
1397 3048 1547 3094 plantis
1576 3048 1762 3094 palmalis
1771 3060 1786 3088 ;
1829 3047 1983 3094 fils-cus.

335 3173 433 3207 llaec
466 3174 611 3209 KU11L11
646 3178 784 3221 species
814 3180 1005 3222 javaniea,
1050 3180 1178 3225 plantis
1211 3182 1468 3225 perfectissime
1506 3182 1688 3226 palmatis,
1726 3183 1887 3227 parotidc
1913 3184 2037 3223 ovata,
2078 3180 2174 3213 haud
2211 3180 2390 3224 petiolata,

182 3240 295 3283 eapite
323 3241 481 3274 obsoleto
508 3243 724 3286 mal-gissam,
771 3248 836 3279 etc.
871 3247 957 3280 satis
984 3258 1006 3280 a
1033 3248 1228 3282 confinibus
1255 3249 1382 3283 differt.

333 3306 510 3342 Conferas
537 3321 628 3353 quae
655 3311 701 3344 ad
728 3310 792 3354 Hy
802 3312 885 3346 lam
922 3313 962 3346 le
972 3325 995 3347 u
1006 3326 1129 3358 comy
1139 3319 1262 3349 stace
1271 3327 1323 3356 111,
1370 3327 1404 3350 n.
1424 3315 1466 3357 4,
1501 3317 1630 3350 monui.
