2534 3890
1036 222 1082 257 x.
1141 220 1360 257 MOLGE.
2259 229 2321 271 87

275 328 333 364 De
360 330 563 374 synonymis
589 330 694 373 hujus
722 331 853 374 speciei
879 342 993 376 pauca
1019 331 1192 376 quaedam
1219 331 1392 365 tradenda
1417 329 1507 364 haec
1533 334 1631 364 sunt:
1665 328 1806 375 Molge,
1833 343 1854 366 a
1881 332 2136 368 Wunrnmm
2164 347 2244 380 pag.
2264 336 2323 379 65,

131 397 201 430 tab.
219 396 269 431 II.
297 397 354 441 fig.
376 397 398 431 3
427 397 602 439 exhibita,
637 397 705 431 huc
731 399 919 432 referenda
946 403 999 433 est
1015 419 1062 423 —
1095 397 1263 431 Icones
1289 397 1484 440 SEBANAE,
1519 408 1542 431 a
1566 395 1773 431 MERREMIO
1800 399 1946 442 citatae,
1979 402 2065 435 satis
2091 403 2207 436 bonae
2234 408 2326 446 sunt,

131 463 301 507 imprimis
327 463 409 498 Vol.
428 464 466 506 I,
494 465 564 498 tab.
581 464 647 506 89,
674 464 731 509 fig.
750 464 773 498 4
800 470 834 499 et
862 464 903 507 5,
940 477 1030 510 quae
1057 464 1148 498 hanc
1175 464 1330 508 speciem
1358 468 1482 498 exacte
1509 464 1599 498 sicut
1625 464 1660 497 in
1686 467 1808 497 nostro
1834 476 1956 500 museo
1983 473 2123 511 praesto
2152 473 2205 503 est
2231 470 2330 504 exhi-

132 531 234 572 bent,
261 531 345 564 licet
370 530 459 563 istae
485 529 631 575 Molgae
657 531 851 573 SEBAME,
878 535 968 566 teste
995 534 1159 572 auctore,
1197 530 1481 564 americanae.
1507 530 1586 564 sint.
1639 530 1860 565 Lnnmrrss
1886 531 1977 566 hanc
2003 535 2157 577 speciem
2183 536 2218 569 in
2244 548 2331 571 vase

133 596 286 639 invenit,
326 597 375 630 nil
401 596 469 630 nisi
496 597 661 631 animalia
688 609 733 632 ex
774 598 908 632 India
941 597 1167 632 orientali
1199 596 1421 639 continente3
1462 607 1508 630 ex
1533 598 1660 642 quibus
1697 609 1783 643 ergo
1817 597 1909 632 haec
1941 600 2077 643 species
2102 605 2173 636 tam
2200 603 2235 636 in
2261 603 2332 638 Eu-

133 675 222 707 ropa
247 675 352 708 quam
378 664 414 697 in
440 664 610 698 America
637 669 671 698 et
703 665 806 699 India
842 665 1004 698 orientali
1031 665 1161 709 degere
1194 664 1345 698 videtur.
1397 661 1551 697 DAUD1N
1577 664 1727 707 patriam
1763 665 1853 698 adeo
1880 665 2034 710 amplam
2070 666 2174 710 hujus
2200 671 2332 714 speciei

133 731 275 774 quidem
300 735 428 775 negat,
473 731 690 774 existimans,
719 743 799 765 eam
831 732 926 766 haud
959 736 1061 766 extra
1087 730 1268 775 Europam
1302 740 1507 772 occurrere3
1547 730 1773 765 nihilominus
1807 731 1928 766 icones
1955 731 2080 766 SEBAE
2107 733 2286 770 Thesauri
2300 737 2332 780 I,

133 797 204 830 tab.
224 796 281 839 14,
308 797 366 842 fig.
383 798 405 832 2
433 801 468 831 et
493 798 516 832 3
550 797 711 843 (Molgen
738 799 945 841 africanam)
974 802 1009 832 et
1035 799 1104 832 tab.
1121 798 1180 840 89,
1207 797 1265 842 fig.
1285 796 1309 830 4
1336 801 1370 830 et
1397 795 1419 830 5
1447 796 1711 840 (americanam)
1739 798 1784 831 ad
1812 810 1890 833 eam
1916 799 2060 833 adhibet
2086 821 2133 825 —
2170 800 2332 838 Icones

134 862 395 907 Wommx-Ass,
430 864 464 897 in
491 865 655 899 STURMH
682 866 835 900 Fauna
862 866 1055 908 exhibitae,
1082 865 1200 910 quoad
1226 864 1384 898 habitum
1410 864 1562 897 formam
1589 866 1623 896 et
1647 865 1910 907 proportionem
1935 867 2088 910 partium
2114 868 2190 902 istis
2216 868 2333 903 SEBA-

134 939 192 963 ms
219 930 359 975 quidem
384 932 659 976 praestantiores
686 936 784 974 sunt,
811 933 876 966 sed
901 933 1040 977 pictura
1065 943 1087 966 a
1112 931 1203 966 meis
1229 930 1420 965 individuis
1446 929 1560 975 magis
1585 930 1771 973 recedunt,
1803 933 1952 967 maculis
1977 933 2087 978 nigris
2114 935 2149 968 in
2175 937 2334 980 corporis

136 1008 266 1041 supera
298 1002 398 1041 parte
432 999 574 1032 omnino
609 999 777 1032 obsoletis
803 1019 849 1023 ——-
897 998 1227 1033 Salamandrac
1263 997 1570 1042 platycaudae
1603 995 1784 1031 RUSCOMI
1820 998 1940 1033 icones
1967 1000 2091 1043 tab.I,
2125 1001 2222 1047 fig.3
2249 1006 2284 1037 et
2309 1002 2334 1038 4

134 1067 169 1097 et
195 1064 265 1097 tab.
280 1063 321 1098 II
347 1076 473 1098 sexum
499 1068 685 1110 utrumque
713 1065 975 1110 elegantissime
1003 1065 1172 1099 exhibent
1189 1085 1236 1090 —
1262 1064 1508 1099 BECHSTEINH
1536 1064 1667 1106 icones,
1695 1064 1730 1097 in
1757 1065 1827 1098 tab.
1845 1064 1942 1099 XIX
1969 1067 2095 1110 editae,
2121 1068 2198 1102 sine
2225 1070 2332 1104 dubio

132 1131 274 1176 quidem
299 1130 390 1165 hanc
416 1132 572 1176 speciem
598 1132 785 1175 exhibent,
827 1144 906 1166 cum
933 1132 1123 1177 descriptio
1150 1131 1460 1166 Brennum-mm
1487 1131 1618 1175 optime
1644 1131 1689 1165 ad
1715 1135 1836 1165 nostra
1861 1131 2044 1167 individua
2070 1136 2235 1179 quadret,
2269 1138 2334 1172 sed

132 1198 169 1232 in
195 1198 345 1241 nostris,
389 1199 546 1233 maribus
573 1203 608 1233 et
632 1199 791 1242 feminis,
836 1200 951 1233 cauda
976 1200 1086 1233 multo
1121 1199 1226 1232 altior
1251 1197 1436 1243 magisque
1471 1209 1676 1242 compressa
1702 1201 1766 1232 est.
1818 1198 1906 1232 Icon
1937 1200 2107 1235 feminam
2132 1204 2335 1247 resupinam

133 1265 324 1308 exhibens,
360 1266 476 1300 minus
503 1277 583 1300 cum
606 1267 737 1301 nostris
761 1266 905 1301 feminis
938 1266 1101 1311 congruit
1134 1276 1241 1311 quam
1274 1276 1354 1299 cum
1389 1267 1510 1299 nostro
1537 1276 1657 1308 mare3
1703 1265 1827 1299 tubere
1853 1266 1947 1300 anali
1974 1267 2114 1312 quidem
2140 1272 2212 1303 toto
2238 1271 2332 1305 flavo

133 1332 225 1366 sicut
250 1332 286 1366 in
312 1333 441 1367 nostris
467 1333 627 1376 feminis,
669 1334 732 1368 sed
758 1334 858 1378 plicis
886 1334 981 1378 ejus,
1009 1344 1119 1378 supra
1144 1333 1189 1366 ad
1215 1344 1249 1366 n.
1266 1332 1289 1367 2
1317 1343 1339 1365 a
1364 1343 1421 1366 me
1448 1331 1633 1376 descriptis
1660 1332 1718 1375 (de
1745 1333 1872 1377 quibus
1900 1338 2023 1367 auctor
2049 1334 2155 1369 etiam
2180 1336 2216 1369 in
2234 1341 2334 1372 textu

132 1400 181 1433 nil
207 1401 342 1443 refert),
370 1400 512 1434 omnino
540 1401 793 1435 deficientibus.
845 1400 888 1435 In
913 1401 1045 1436 nostris
1070 1400 1229 1443 feminis,
1253 1400 1330 1444 jam
1356 1399 1484 1441 citatis,
1510 1399 1673 1432 maculae
1699 1399 1941 1434 abdominales
1967 1401 2083 1435 minus
2110 1414 2189 1436 cum
2214 1404 2335 1439 colore

132 1467 234 1511 nigro
261 1468 410 1502 laterum
436 1469 635 1512 confluunt,
681 1469 745 1503 sed
770 1469 904 1503 femina
929 1472 1069 1511 nostra,
1103 1469 1169 1502 sub
1195 1478 1229 1501 n.
1245 1466 1270 1500 4
1296 1466 1491 1510 descripta,
1533 1469 1568 1499 et
1593 1477 1670 1500 mas
1696 1470 1835 1509 noster,
1876 1467 2012 1511 pictura
2039 1469 2237 1504 abdominis
2263 1482 2335 1505 me-

131 1534 201 1568 lius
227 1545 306 1568 cum
332 1534 399 1569 hac
434 1535 535 1569 icone
562 1536 867 1570 BscnsTEmmNA
897 1535 1111 1569 conveniunt
1136 1555 1184 1559 —
1225 1533 1527 1568 salamandra
1559 1533 1754 1567 cristata
1787 1533 2023 1568 LATRmLLEI
2050 1539 2173 1570 nostra
2198 1538 2336 1581 species

133 1605 198 1635 cst.
250 1601 389 1635 Auctor
414 1603 542 1645 refert,
578 1603 687 1647 pedes
714 1614 836 1637 omnes
863 1603 975 1645 infra,
1010 1603 1055 1636 ad
1081 1601 1184 1636 basin
1217 1601 1338 1646 digiti,
1365 1611 1553 1635 verrucam
1578 1599 1731 1643 haberc3
1781 1601 1846 1634 sed
1870 1601 2000 1635 nostris
2026 1601 2216 1638 individuis
2243 1604 2336 1639 duae

131 1672 213 1702 sunt
236 1679 428 1711 verrucae,
463 1680 536 1703 una
562 1670 607 1704 ad
633 1670 736 1704 basin
762 1670 862 1716 digiti
888 1669 1044 1712 externi,
1081 1670 1194 1703 altera
1220 1668 1266 1702 ad
1291 1668 1394 1703 basin
1419 1667 1564 1710 interni,
1608 1667 1905 1712 quemadmodum
1930 1667 1966 1701 in
1991 1669 2204 1714 husonibus,
2243 1672 2338 1716 quod

129 1735 238 1769 etiam
263 1735 480 1770 BncnsTfflN
502 1737 578 1780 jam
605 1737 798 1771 adnotavit.
851 1737 1073 1772 LATamLLF.
1100 1736 1256 1779 dubitat,
1291 1747 1337 1769 an
1361 1734 1561 1770 Lacerta
1596 1734 1819 1779 palustris
1845 1734 1981 1769 me
2008 1735 2078 1770 huc
2102 1737 2229 1772 referri
2253 1749 2335 1783 pos-

129 1806 203 1846 set3
235 1803 300 1838 sed
326 1814 372 1837 ex
399 1804 562 1838 omnibus
588 1804 695 1847 locis,
723 1816 744 1838 a
768 1803 914 1839 LINNEO
942 1804 1127 1847 adhibitis,
1162 1803 1328 1837 identitas
1355 1802 1488 1847 speciei
1513 1802 1694 1846 probatur.
1746 1801 1885 1836 Auctor
1909 1806 2030 1845 notas,
2066 1803 2192 1848 quibus
2218 1816 2336 1841 mares

131 1882 153 1904 a
177 1870 319 1904 feminis
346 1870 664 1915 distinguerentur,
692 1883 712 1905 e
739 1872 847 1905 crista
873 1872 1023 1914 dorsali,
1058 1871 1273 1916 genitalibus
1299 1869 1456 1904 externis
1483 1869 1678 1912 majoribus
1705 1872 1739 1902 et
1764 1869 1894 1913 nigris,
1922 1870 2006 1914 gula
2031 1871 2145 1915 magis
2171 1871 2275 1905 fusca
2301 1877 2337 1906 et

129 1937 268 1982 punctis
296 1938 385 1971 albis
413 1938 665 1980 crebrioribus,
706 1939 931 1972 maxillarum
957 1938 1117 1983 margine
1143 1937 1411 1979 verrucosiore,
1453 1936 1602 1980 pedibus
1628 1935 1773 1980 posticis
1799 1936 2050 1979 validioribus,
2083 1938 2173 1972 vitta
2197 1939 2336 1973 laterali

131 2005 212 2038 alba
239 2005 376 2038 caudae
409 2005 646 2048 distinctiore,
689 2006 871 2040 desumsit.
924 2004 982 2040 De
1008 2005 1064 2039 his
1097 2004 1361 2039 characteribus
1397 2003 1607 2037 distinctivis
1644 2006 1763 2036 autem
1797 2003 1847 2036 nil
1873 2003 1941 2037 nisi
1967 2003 2127 2047 cristam,
2169 2006 2337 2050 genitalia

130 2075 279 2106 externa
305 2073 423 2116 (tuber
448 2074 564 2115 anale)
591 2073 729 2117 majora
753 2072 872 2118 nigra,
899 2073 1091 2117 vittamque
1118 2072 1302 2105 lateralem
1329 2071 1483 2112 caudae,
1511 2081 1687 2115 agnoscO,
1715 2081 1798 2103 nam
1824 2070 1860 2103 in
1885 2071 2016 2104 nostris
2043 2070 2234 2106 individuis
2259 2084 2334 2107 ma-

129 2139 179 2172 ris
206 2143 240 2172 et
265 2139 432 2182 feminae,
459 2141 525 2174 sub
552 2151 585 2174 11.
606 2140 624 2174 1
655 2144 689 2174 et
715 2140 738 2175 2
765 2140 961 2184 descriptis,
989 2140 1088 2173 color
1114 2139 1219 2184 gulae
1247 2142 1282 2172 et
1307 2137 1534 2173 maxillarum
1560 2148 1683 2181 margo
1710 2136 1850 2181 utrique
1876 2137 1980 2171 sexui
2006 2137 2112 2171 iidem
2131 2143 2231 2182 sunt3
2256 2151 2333 2175 mas

130 2211 248 2240 autem
274 2207 423 2250 pedibus
450 2207 575 2241 anticis
609 2211 643 2241 et
669 2207 813 2251 posticis
848 2207 1094 2252 gracilioribus
1131 2216 1238 2250 quam
1263 2205 1396 2239 femina
1423 2208 1476 2238 est
1511 2224 1559 2228 ——-
1600 2203 1905 2237 salamandra
1948 2204 2142 2239 cristata
2174 2205 2333 2241 SCHNEI-

131 2283 237 2315 nnlu,
274 2273 447 2308 SONMNH
475 2278 510 2307 et
535 2273 719 2309 DAUDIMI
747 2275 793 2308 ad
818 2278 975 2308 nostram
1002 2274 1161 2319 quadrat.
1213 2271 1369 2307 Daunus*
1396 2271 1515 2316 gulam
1541 2270 1708 2304 describit
1733 2270 1882 2315 nigram,
1910 2271 2013 2305 albo·
2022 2275 2236 2316 punctatam,
2263 2285 2333 2318 qua

129 2340 263 2374 femina
288 2344 421 2383 nostra,
449 2342 514 2375 sub
540 2353 573 2375 n.
593 2340 618 2375 4
643 2341 830 2385 descripta,
858 2352 880 2375 a
905 2341 1049 2386 reliquis
1075 2339 1266 2374 individuis
1291 2338 1404 2373 nostri
1429 2337 1543 2373 musei
1568 2337 1731 2371 distincta
1758 2341 1829 2380 est3
1865 2338 2008 2372 adhibet
2026 2343 2143 2372 autem
2171 2340 2215 2373 ad
2241 2340 2332 2375 hanc
2376 2368 2377 2371 ,

130 2408 285 2452 speciem
318 2408 557 2442 Tritonem
604 2408 872 2443 carnificem
903 2407 1124 2450 LAURENTI,
1162 2406 1294 2441 animal
1319 2406 1483 2448 dubium,
1526 2405 1650 2439 forsan
1677 2404 1897 2438 individuum
1927 2405 2049 2449 junius
2076 2411 2177 2440 extra
2203 2418 2332 2452 aquam

131 2478 283 2519 captum.
345 2473 513 2509 MERREM
541 2475 728 2510 Tritonem
761 2476 981 2518 carnificem,
1024 2479 1064 2509 ut
1096 2474 1238 2508 videtur
1271 2474 1316 2508 ob
1350 2472 1605 2507 habitationem
1639 2472 1717 2515 ejus
1751 2472 1786 2505 in
1821 2472 1943 2514 siccis,
1986 2473 2031 2506 ad
2057 2472 2204 2519 Molgen
2240 2474 2332 2508 cine·

130 2553 229 2575 ream
254 2543 507 2587 interrogative
533 2543 703 2577 laudavit.
755 2543 816 2577 Ad
841 2543 931 2576 haec
957 2542 1122 2576 conferas
1149 2553 1251 2586 quae,
1279 2541 1344 2575 sub
1372 2540 1485 2584 prima
1503 2539 1636 2574 femina
1663 2539 1784 2572 adulta
1801 2537 1943 2583 Molges
1970 2539 2158 2582 taeniatae,
2186 2541 2230 2574 de
2250 2541 2332 2575 Tri-

131 2612 213 2642 tone
240 2610 403 2643 carnifice
428 2610 559 2643 monui.
586 2631 633 2634 —
686 2609 839 2643 Salam
850 2610 990 2643 andra
1016 2609 1231 2652 pruinata
1257 2607 1490 2641 SCHNEIDEM
1518 2606 1680 2639 omnibus
1706 2606 1798 2639 notis
1824 2606 1974 2651 quadrat
2000 2607 2045 2640 ad
2063 2607 2244 2642 individua
2270 2609 2332 2642 mi-

129 2687 236 2717 nora,
271 2677 336 2709 sub
364 2688 397 2710 11.
415 2677 438 2711 6
466 2676 642 2720 descripta
668 2697 714 2701 —-
752 2676 809 2710 Ex
835 2677 878 2710 iis
904 2687 995 2721 quac
1021 2673 1210 2716 Ruscom,
1246 2685 1279 2718 p.
1296 2673 1341 2708 31
1371 2677 1406 2707 et
1432 2672 1479 2708 32
1507 2672 1624 2716 operis
1651 2672 1787 2717 egregii
1813 2673 1880 2715 sui,
1908 2673 1951 2706 de
1978 2674 2210 2707 mutabilitate
2235 2674 2330 2708 colo·

130 2743 178 2775 ris
206 2747 241 2775 et
267 2743 310 2776 tle
337 2743 539 2786 synonymis
566 2743 671 2787 hujus
698 2744 828 2787 speciei
855 2744 1008 2787 profert,
1037 2742 1212 2786 conjicere
1246 2740 1347 2783 licet,
1381 2744 1561 2774 auctorem
1590 2739 1695 2773 etiam
1729 2738 1820 2773 Mol
1830 2751 1914 2784 gen
1948 2739 2123 2784 igneam
2158 2751 2236 2774 cum
2262 2741 2330 2776 hac

129 2810 247 2853 specie
276 2810 495 2855 jungendam
531 2822 609 2844 csse
637 2822 801 2854 censere,
849 2822 928 2845 cum
955 2814 1073 2844 autem
1099 2809 1202 2843 nimis
1227 2819 1320 2852 vage
1347 2808 1391 2841 de
1418 2807 1485 2841 hac
1519 2806 1765 2850 conjunctione
1792 2807 1930 2840 locutus
1956 2807 2019 2849 sit,
2062 2807 2169 2841 dubia
2194 2808 2329 2842 restite·

130 2881 209 2910 runt
237 2877 281 2910 de
307 2877 384 2921 ejus
411 2877 586 2922 opinione.
