2632 3890
1083 122 1132 156 ΙΙ.
1183 121 1361 157 RANA.
2271 126 2331 169 41

132 249 223 284 quae
250 238 285 271 in
311 237 408 271 tibiis
435 236 484 269 ita
510 233 681 278 disposita
707 236 808 273 sunt,
844 236 879 264 ut
907 232 1038 265 fascias
1065 230 1089 264 4
1116 235 1176 264 aut
1203 230 1224 264 5
1252 232 1462 273 exhibeant3
1496 231 1621 264 subtus
1655 231 1938 276 dilate-piceus,
1965 234 2103 279 punctis
2130 246 2342 280 conspersus

133 306 278 340 minutis
304 304 462 349 pallidis,
490 302 595 346 paulo
622 300 817 343 majoribus
845 299 1027 343 minusque
1055 298 1224 331 confertis
1250 310 1352 342 quam
1381 299 1415 331 in
1442 299 1559 332 dorso.

286 372 367 405 Hoc
392 370 613 404 individuum
640 379 661 400 a
686 367 1007 401 memswmo
1034 365 1218 398 nobiseum
1245 366 1540 399 communicatum
1568 369 1621 398 est
1647 366 1712 399 sub
1748 366 1888 399 nomine
1923 366 2078 402 Ranae
2113 369 2345 413 pipientis.

135 438 216 473 Hoc
243 450 370 472 nomen
398 440 515 470 autem
543 435 588 468 ad
614 435 703 467 duas
738 433 875 477 species
910 433 1114 474 adhibetur,
1157 442 1305 475 quarum
1338 443 1409 464 una
1443 444 1464 465 a
1497 431 1704 466 Mammium
1739 431 1783 465 R.
1819 433 1861 476 pi
1872 433 2021 476 piens,
2050 436 2162 469 altera
2188 436 2231 470 R.
2259 449 2347 471 mu-

136 507 266 551 giens
293 506 524 547 nuncupatur.
578 501 679 534 Haec
707 502 819 534 altera.
846 500 1001 533 Ranae
1037 498 1234 543 pipienti
1268 497 1451 531 DAUDIMI
1486 500 1694 543 respondet,
1740 510 1852 544 quae,
1898 506 2038 543 praeter
2070 504 2349 548 magnitudinem

138 574 346 608 eximiorem
373 575 407 604 et
434 571 608 614 pictiu·as,
651 580 731 602 cum
756 571 879 601 nostra
906 566 1082 600 convenit.
1136 565 1346 609 Magnitudo
1382 569 1500 598 autem
1536 567 1731 600 secundum
1758 570 1911 600 aetatem
1937 568 2071 611 variat3
2115 571 2213 604 color
2238 573 2351 606 nostri

138 639 313 674 individui
339 649 426 671 vero
454 637 642 671 manifeste
670 638 855 679 corruptus
884 637 948 667 est.
1000 633 1088 666 Icon
1115 631 1362 666 DAUIMNIANA
1390 632 1531 676 quidem
1559 634 1649 666 collo
1676 634 1780 667 nimis
1808 634 1973 678 elongato
2001 638 2035 668 et
2062 641 2231 680 angusto,
2259 639 2351 672 auri-

138 708 205 741 bus
231 707 334 740 nimis
362 704 635 749 approximatis,
678 703 796 747 digitis
823 701 968 745 posticis
996 700 1268 743 semipalmatis,
1313 711 1334 732 a
1359 702 1482 732 nostro
1518 699 1700 733 individuo
1729 701 1895 744 discedit,
1939 712 2031 746 quae
2057 702 2277 738 differentiae
2303 710 2353 739 ta-

137 785 218 807 men
247 785 293 806 ex
318 772 455 806 incuria
482 770 708 804 delineatoris
736 773 797 802 aut
823 768 1010 811 sculptoris
1038 771 1137 800 ortae
1165 778 1244 799 esse
1270 770 1429 809 possunt.
1483 764 1637 799 Diuum
1674 768 1717 800 ad
1753 780 1854 801 suam
1889 768 2045 812 speciem
2078 770 2224 804 adhibet
2250 772 2355 806 etiam

142 839 314 873 Ranam
341 839 596 883 pipientein
624 834 806 870 GMELINH
836 838 954 879 (quam
980 845 1067 867 vero
1096 834 1222 866 iterum
1251 834 1295 865 ad
1322 832 1365 866 R.
1395 833 1578 866 halecia
1589 844 1653 865 am
1680 845 1799 875 suam,
1835 846 1900 868 seu
1926 836 2117 880 pipientem
2143 836 2355 882 MERREMH,

145 910 179 939 et
206 907 347 950 quidem
373 906 511 949 potiore
534 904 634 947 jure,
676 903 819 943 refert),
861 913 927 934 nee
952 913 1024 934 non
1050 901 1093 933 la
1119 911 1217 933 mou
1228 900 1351 943 gissa
1362 904 1434 933 nte
1463 898 1680 933 LACEPEnm
1717 900 1930 943 (LACEPEDE
1967 906 2101 945 tamen,
2143 909 2310 949 quantum
2337 918 2357 940 e

144 972 380 1016 descriptione
407 971 508 1005 brevi
535 973 569 1003 et
595 969 800 1013 synonymis
828 968 996 1011 colligere
1022 968 1077 1001 fas
1105 970 1178 1008 est,
1217 966 1260 999 R.
1289 967 1475 1000 ocellatam
1502 966 1700 1000 MERREMH
1737 979 1857 1000 coram
1883 968 2049 1003 habuisse
2075 971 2233 1012 videtur,
2275 973 2358 1007 licet

143 1040 190 1073 ad
217 1050 319 1073 suam
345 1038 499 1082 speciem
526 1037 646 1070 laudet
672 1046 806 1077 ranam,
834 1035 870 1067 in
894 1033 1070 1068 GATESBY
1096 1032 1214 1067 Carol.
1243 1032 1293 1071 IL
1321 1035 1391 1067 tab.
1420 1034 1467 1067 72
1495 1034 1635 1077 pictam,
1664 1045 1685 1067 a
1709 1033 1902 1068 DAUDmIO
1931 1036 1974 1068 ad
1993 1036 2183 1080 pipientem
2198 1039 2352 1074 relatam.

300 1105 476 1143 Quamvis
504 1104 665 1149 quidem,
693 1108 732 1136 ut
758 1114 778 1135 e
804 1102 910 1136 modo
936 1101 1058 1134 relatis
1086 1101 1254 1144 adparet,
1283 1099 1378 1133 haud
1406 1101 1525 1133 onmia
1552 1101 1659 1134 dubia
1686 1101 1730 1134 de
1757 1100 1861 1134 Rana
1886 1103 2065 1147 mugiente
2084 1103 2357 1149 ΜΕιιΒΕΜΙΑΝΑ,

146 1185 211 1207 seu
237 1172 283 1207 R.
310 1173 466 1217 pipiente
492 1170 761 1211 DAUDINIANA,
805 1169 946 1202 sublata
980 1168 1067 1210 sint,
1111 1167 1237 1201 melius
1272 1170 1391 1200 tamen
1427 1168 1494 1201 ista
1528 1168 1665 1211 species
1703 1169 1747 1201 ad
1774 1172 1934 1202 nostrum
1960 1170 2182 1205 individuum
2209 1174 2360 1217 quadrat

148 1252 254 1285 quam
279 1239 405 1273 Rana
430 1239 610 1283 pipiens
637 1237 875 1278 Scnmzssssm,
918 1235 1173 1276 SCHNEIDERI,
1217 1231 1397 1268 Gummi
1427 1238 1461 1267 et
1495 1234 1711 1277 Mummium,
1754 1246 1845 1279 quae
1881 1236 1925 1269 ad
1960 1235 2134 1271 CATESBY
2163 1237 2281 1274 Carol.
2308 1240 2358 1275 ΙΙ.

147 1309 218 1342 tab.
246 1308 296 1341 70
323 1311 357 1340 et
383 1307 508 1340 SEBAE
535 1305 585 1341 II.
613 1306 683 1339 tab.
711 1304 760 1338 37
786 1303 844 1348 fig.
871 1302 907 1345 4,
934 1303 1040 1347 longe
1068 1314 1090 1335 a
1115 1305 1237 1335 nostro
1264 1302 1448 1335 individuo
1476 1303 1738 1346 discrepantes,
1765 1303 1937 1345 refertur,
1965 1307 2000 1337 et
2025 1303 2151 1338 Ranae
2176 1305 2360 1341 halecinae

147 1374 332 1409 DAUDINH
360 1374 560 1418 respondet.

297 1442 443 1475 Statura
477 1445 511 1474 ct
552 1439 780 1484 proportione
815 1437 966 1481 partium
1003 1436 1047 1470 R.
1083 1436 1245 1482 mugiens
1279 1440 1402 1469 nostra
1436 1436 1600 1469 convenit.
1633 1447 1714 1469 cum
1747 1440 1869 1471 nostra
1895 1436 1939 1470 R.
1967 1437 2091 1480 picta
2117 1440 2358 1475 antecedente.

145 1509 246 1542 Ilaec
273 1509 414 1553 quidem
438 1508 635 1542 femoribus
662 1505 881 1550 longioribus
909 1508 944 1537 et
969 1504 1083 1538 minus
1111 1504 1261 1546 crassis,
1290 1507 1414 1537 trunco
1441 1503 1702 1545 macilentiore,
1730 1504 1889 1537 verrucis
1916 1504 2031 1538 minus
2058 1505 2249 1548 distinctis,
2294 1508 2360 1542 dif-

143 1577 232 1618 fert,
259 1587 339 1609 cuin
365 1587 453 1608 vero
482 1577 690 1608 exenterata.
717 1574 779 1614 sit,
808 1573 889 1606 inde
917 1583 1054 1616 quoque
1082 1575 1227 1605 truncus
1254 1571 1368 1615 magis
1396 1570 1574 1614 collapsus
1602 1573 1665 1603 est.
1719 1568 1875 1603 Picturis
1902 1571 1995 1613 pieta
2022 1572 2107 1605 satis
2134 1584 2156 1605 a
2181 1573 2361 1618 mugiente

144 1646 267 1676 nostra
293 1642 461 1685 discedit3
488 1642 552 1675 sed
578 1640 614 1673 in
640 1640 708 1673 hac
734 1651 875 1685 quoque
901 1639 1056 1684 vestigia
1083 1639 1245 1672 obsoleta
1276 1638 1498 1672 macularum
1530 1637 1821 1671 transversaliunl
1856 1637 1963 1671 tibiae
1989 1639 2134 1680 adsunt,
2176 1641 2299 1684 quales
2325 1641 2361 1675 in

145 1710 240 1756 picta
273 1709 436 1744 distincte
463 1707 737 1752 conspiciuntur.
798 1706 1014 1749 Quaeritur,
1041 1717 1126 1740 num
1152 1707 1279 1740 ambae
1306 1705 1475 1750 conjungi
1502 1702 1677 1739 debeant?

870 2050 942 2091 10.
1071 2049 1121 2088 R.
1241 2048 1275 2087 L
1364 2048 1380 2086 1
1471 2047 1518 2087 Μ
1607 2048 1660 2087 Α.

201 2179 368 2223 Plautia,
398 2178 455 2214 (ul
467 2178 615 2225 apicem
641 2176 851 2225 digitorum
877 2185 1015 2222 usque,
1038 2172 1251 2220 7)(dnmlis,·
1276 2172 1390 2211 levi.s‚·
1417 2182 1583 2217 superne
1599 2170 1967 2217 filsea-maculata,
1996 2171 2315 2219 (elbo-ymurlata,

786 2243 891 2277 linea
916 2238 1049 2276 albida
1075 2238 1295 2286 adfaciem
1321 2237 1490 2284 itgferum
1507 2236 1714 2284 seniorum.

304 2380 408 2415 Hanc
441 2381 565 2414 ranam
598 2377 842 2413 Javanensem
868 2377 920 2410 de
954 2375 1066 2410 HAAN
1100 2385 1239 2408 mecum
1273 2372 1548 2407 communicavit
1581 2373 1646 2406 sub
1681 2372 1823 2405 nomine
1856 2372 2200 2408 Bombinatoris
2233 2375 2369 2409 limae

152 2447 309 2483 KUHLH.
361 2446 439 2482 Nec
464 2458 551 2480 vero
579 2446 624 2479 ad
651 2456 764 2490 genus
790 2444 1087 2479 Bombinatorum
1112 2441 1239 2475 referri
1265 2444 1401 2485 potest,
1436 2440 1518 2481 sed,
1546 2442 1620 2472 toto
1647 2439 1788 2481 habitu,
1818 2451 1966 2483 corpore
1992 2441 2193 2482 levissimo,
2221 2443 2370 2485 pedibus

153 2515 298 2559 posticis
324 2514 541 2560 longissimis
568 2513 779 2554 saltatoriis,
806 2523 872 2545 nec
897 2522 968 2544 non
994 2510 1142 2544 maxilla
1168 2509 1351 2552 superiore
1379 2507 1594 2540 denticulata
1622 2506 1822 2545 (denticulis
1849 2507 1989 2550 quidem
2013 2508 2269 2550 subtilissimis,
2296 2520 2369 2542 ma-

155 2582 279 2627 gisque
306 2585 402 2615 tactu
429 2592 534 2625 quam
560 2580 641 2613 visu
668 2579 868 2621 distinctis),
896 2578 986 2611 callo
1014 2588 1085 2609 uno
1112 2576 1248 2618 majore
1277 2575 1321 2607 ad
1349 2574 1450 2607 basin
1478 2574 1677 2616 plantarum
1705 2573 1917 2616 (rudimento
1945 2577 2062 2607 tamen
2089 2575 2170 2607 calli
2196 2576 2240 2608 ad
2268 2576 2367 2609 basin

156 2649 257 2694 digiti
283 2649 503 2689 exterioris),
541 2647 664 2691 generi
688 2645 872 2679 Ranariun
898 2644 1098 2687 respondet.

307 2714 483 2749 Conferas
510 2725 601 2759 quae
629 2714 675 2747 ad
701 2713 842 2746 HYLAM
869 2713 1153 2753 leucomysta
1167 2720 1274 2749 cem,
1307 2720 1340 2740 n.
1369 2706 1403 2743 4,
1433 2707 1563 2740 monui.

790 3073 862 3115 11.
963 3073 1013 3113 R.
1088 3066 1737 3112 GANCRIVORA.

162 3201 310 3235 Plauti-s·
331 3201 542 3249 7mlmatis;
567 3199 689 3247 (legito
716 3204 856 3247 (sum-lo
877 3198 1114 3245 praelongo,
1151 3195 1262 3242 astice
1289 3191 1430 3233 liberm·
1457 3191 1584 3238 capite
1609 3196 1747 3232 a(¹etto;
1773 3188 1886 3225 dorso
1913 3191 2121 3239 rvcguloso;
2147 3189 2366 3237 suprafits-

209 3270 505 3311 eo-mmwlam,
547 3264 733 3302 lutet-ibus
760 3265 900 3311 cultilis
926 3262 1266 3303 albo-maculatas,
1285 3256 1500 3307 semoribus
1536 3269 1703 3305 superne
1737 3263 1776 3292 et
1799 3256 1951 3304 inferne
1977 3256 2316 3303 albo-variegatis.

309 3393 427 3437 Hujus
461 3395 593 3437 speciei
619 3392 836 3427 Javanensis
871 3391 922 3423 dc
958 3390 1068 3423 ΙΙΛΛΝ
1104 3389 1174 3421 (1110
1210 3387 1391 3420 individua
1426 3395 1565 3417 mecmn
1598 3383 1892 3425 communicavit3
1931 3393 2058 3423 unum,
2101 3381 2207 3426 idque
2240 3382 2367 3425 majus,

160 3461 274 3505 capite
317 3461 379 3494 vix
426 3462 532 3504 paulo
582 3460 784 3501 obtusiore,
837 3457 995 3501 corporis
1038 3455 1145 3489 totius
1192 3455 1285 3488 facie
1334 3453 1447 3486 infera
1498 3452 1623 3485 fusco·
1668 3455 1703 3484 et
1750 3451 1852 3484 fusco
1873 3469 1885 3475 -
1903 3448 2129 3492 ferrugineo·
2178 3449 2365 3490 maculata,

228 3527 463 3552 GnAvrnaoasT
501 3525 647 3560 Reptih'a.
1721 3516 1763 3549 ll
