2534 3890
1046 230 1093 265 X.
1141 230 1359 268 MOLGE.
2243 241 2303 284 85

803 388 847 430 4.
926 390 986 431 Μ.
1046 391 1617 435 PALUSTRIS.

118 505 253 540 Gamla
279 506 523 553 longiuscula
551 517 786 553 compressa,
821 506 947 553 capite
972 504 1084 540 (lm-3⁰
1107 506 1208 554 gula
1236 511 1274 540 cf
1297 506 1481 542 lateribus
1506 511 1737 551 verrueom's,
1776 510 1959 546 salet-ibus
1985 512 2306 562 albo-puucmlis.

713 623 912 658 Lacerta
946 623 1170 667 palustris
1213 623 1322 658 LINN.

713 689 882 725 Triton
926 690 1146 725 cristatus
1190 690 1313 726 LAUR.

714 756 1026 791 Salamandra
1060 757 1259 792 cristata
1291 763 1383 793 auct.

817 844 913 848 ——
1065 824 1286 869 pruinata
1326 824 1442 859 SCHN.

816 910 912 915 —-
1066 890 1348 935 platycauda
1389 891 1568 927 Ruscom.

716 954 869 1002 Molge
906 956 1128 1002 palustris
1169 956 1296 992 MERB.

268 1089 461 1124 Individua
486 1089 593 1134 huJus
619 1089 769 1135 speciei,
805 1090 841 1124 in
868 1101 991 1125 museo
1018 1094 1140 1125 nostro
1167 1095 1372 1134 asservata,
1407 1092 1495 1127 haec
1521 1097 1622 1127 sunt:

269 1158 302 1200 1,
354 1157 467 1192 Mas.
496 1156 669 1203 Corpus
695 1157 743 1193 22
760 1157 872 1191 lineas
899 1158 1056 1203 longum,
1083 1169 1191 1203 supra
1217 1162 1253 1192 et
1278 1158 1448 1194 lateribus
1474 1171 1723 1204 verrucosum3
1757 1162 1872 1199 cauda
1896 1162 2114 1210 longitudine
2141 1166 2190 1202 20
2212 1167 2320 1202 linea-

119 1235 208 1259 rum.
260 1224 454 1259 Maxilla
489 1224 705 1269 superior
739 1225 918 1269 margine,
961 1236 1089 1259 versus
1123 1225 1293 1270 angulum
1328 1226 1456 1269 rictus,
1498 1228 1790 1271 membranaceo,
1836 1230 1988 1266 deflexo.
2042 1231 2139 1267 Gula
2170 1235 2322 1280 vestigio

119 1292 268 1337 plicae
301 1292 570 1334 transversalis,
604 1291 760 1336 speciem
784 1292 902 1326 lineae
936 1291 1026 1326 levis
1059 1293 1264 1336 praebente.
1317 1291 1471 1327 Crista
1505 1294 1707 1329 dorsalis
1741 1300 1881 1340 erecta,
1923 1300 2252 1344 dentato—serrata,
2287 1302 2324 1337 in

124 1360 276 1393 caudam
302 1359 516 1393 continuata.
569 1358 727 1394 Tuber
762 1359 894 1393 anale
927 1362 1147 1403 tumescens;
1186 1359 1277 1393 rima
1302 1359 1438 1404 postice
1463 1361 1578 1406 magis
1604 1361 1724 1396 hiante
1752 1374 1857 1408 quam
1883 1365 2017 1408 antice,
2063 1368 2222 1412 margine
2246 1380 2326 1403 ver·

120 1437 261 1469 rucoso,
289 1427 424 1471 postice
451 1426 701 1471 subspinuloso
727 1447 775 1451 —
813 1425 953 1460 Color
979 1437 1088 1471 supra
1114 1430 1149 1460 et
1174 1427 1344 1461 lateribus
1370 1428 1491 1472 niger,
1520 1439 1599 1462 cum
1625 1432 1794 1464 castaneo
1822 1432 1965 1465 sordide
1991 1433 2143 1477 mixtus,
2178 1436 2325 1471 maculis

121 1495 282 1529 rotundis
307 1494 438 1538 nigris,
466 1494 748 1528 abdominalibus
774 1493 889 1538 magis
915 1505 1021 1538 quam
1053 1494 1090 1526 in
1115 1493 1248 1527 femina
1273 1494 1386 1528 latera
1411 1506 1538 1529 versus
1564 1497 1727 1538 remotis,
1761 1497 1944 1543 magisque
1969 1510 2050 1534 cuni
2075 1501 2195 1535 colore
2221 1502 2327 1547 nigri-

122 1566 224 1596 cante
250 1562 403 1595 laterum
429 1560 706 1604 confluentibus;
746 1561 909 1595 verrucis
936 1561 1245 1605 albo-punctatis,
1288 1561 1458 1605 imprimis
1493 1562 1539 1596 ad
1571 1563 1686 1597 latera
1720 1564 1829 1598 totius
1862 1566 2032 1610 corporis.
2085 1567 2202 1612 Caput
2235 1569 2328 1604 infra

119 1630 253 1663 ssavum
285 1632 347 1662 aut
380 1627 805 1670 sordide-stramineum,
848 1628 997 1663 maculis
1024 1627 1193 1662 obsoletis
1227 1628 1491 1663 obscurioribus
1524 1630 1754 1675 verrucisque
1780 1631 2067 1677 albo-punctatis
2094 1635 2326 1680 variegatum.

120 1695 240 1731 Pedes
275 1696 399 1730 subtus
424 1695 528 1738 flavi3
569 1706 677 1739 supra
709 1695 954 1740 fusco-nigri,
997 1695 1287 1740 albo-punctati,
1328 1696 1476 1730 maculis
1512 1697 1682 1732 obsoletis
1720 1701 1755 1732 et
1785 1698 1960 1743 juncturis
1987 1701 2214 1736 articulorum
2239 1703 2327 1749 digi-

120 1767 237 1798 torum
261 1762 386 1807 nigris.
438 1761 565 1797 Tuber
591 1761 695 1796 anale
723 1762 808 1806 (tab.
834 1761 925 1805 XII,
951 1761 1011 1807 fig.
1038 1761 1061 1797 3
1087 1762 1332 1807 magnitudine
1359 1765 1477 1807 aucta)
1504 1763 1655 1809 nigrum.
1708 1763 1834 1800 cauda
1859 1766 1998 1802 inferne
2025 1768 2215 1814 flavicans3
2241 1771 2329 1806 vitta

118 1830 259 1866 laterali
284 1828 579 1874 albido-grisea,
617 1828 754 1874 apicem
781 1828 918 1863 caudae
944 1840 1071 1864 versus
1098 1829 1328 1864 distinctiore.

267 1913 302 1948 2.
370 1912 582 1947 Feminae
632 1912 828 1947 adultae.
887 1911 1066 1957 corpus
1099 1912 1282 1948 27—33
1315 1913 1429 1948 lineas
1471 1914 1635 1958 longum3
1689 1915 1804 1950 cauda
1839 1928 1988 1961 corpore
2024 1918 2130 1963 paulo
2167 1920 2257 1955 brev
2273 1933 2325 1957 or.

119 1981 260 2026 Corpus
286 1985 400 2015 totum
433 1983 468 2014 et
500 1983 606 2024 caput
639 1980 746 2023 paulo
773 1978 951 2013 crassiora
984 1984 1066 2014 sunt
1100 1991 1206 2025 quam
1232 1979 1267 2013 in
1293 1991 1413 2023 mare3
1455 1980 1563 2014 crista
1589 1982 1722 2015 dorsali
1747 1983 1870 2026 nulla3
1915 1984 2030 2018 cauda
2063 1985 2202 2029 quidem
2234 1986 2330 2022 haud

120 2050 265 2084 cristata
301 2052 373 2089 est,
415 2050 452 2080 at
477 2057 608 2090 anceps
635 2049 669 2080 et
695 2046 798 2079 altior
823 2057 928 2091 quam
954 2046 989 2080 in
1015 2058 1126 2081 mare.
1179 2046 1413 2081 Verrucae
1446 2059 1575 2091 corpus
1602 2054 1795 2093 occupant,
1823 2050 1914 2084 sicut
1940 2051 1975 2084 in
2001 2063 2110 2086 mare.
2162 2051 2329 2088 Maxil-

118 2118 190 2151 lae
219 2115 482 2160 superioris
508 2124 633 2158 margo
662 2113 862 2147 deflectitur
887 2113 979 2147 sicut
1005 2113 1041 2146 in
1066 2113 1140 2147 illo.
1192 2112 1325 2147 Plica
1359 2115 1608 2148 transversalis
1634 2116 1768 2160 gularis
1795 2117 1979 2160 distincta,
2020 2119 2134 2163 qualis
2161 2120 2195 2153 in
2221 2120 2324 2155 Sala-

118 2184 267 2218 mandra
300 2182 492 2216 maculosa.
552 2179 665 2226 Digiti
698 2181 894 2214 crassiores
929 2191 1035 2225 quam
1077 2180 1113 2213 in
1147 2191 1256 2214 mare.
1319 2179 1476 2214 Tuber
1518 2181 1651 2215 anale
1693 2183 1778 2226 (tab.
1804 2182 1902 2225 XII,
1926 2184 2001 2229 -fig.
2024 2184 2049 2219 4
2080 2187 2326 2231 magnitudine

117 2252 235 2293 aucta)
269 2249 385 2283 minus
418 2248 599 2293 turgidum
633 2251 687 2299 est
713 2259 817 2292 quam
850 2247 886 2280 in
912 2247 993 2291 illo3
1034 2247 1168 2281 ambitu
1195 2251 1269 2280 toto
1296 2247 1408 2281 rimae
1441 2247 1602 2282 seriebus
1628 2248 1652 2282 4
1669 2269 1717 2273 —
1733 2249 1756 2283 6
1782 2250 1953 2294 plicarum
1988 2256 2062 2291 (aut
2089 2254 2324 2299 tubulorumZ)

117 2318 259 2363 oblique
286 2320 501 2357 erectarum,
545 2315 645 2359 apice
672 2315 924 2358 impressarum
952 2314 1021 2358 (his
1048 2314 1340 2358 impressionibus
1374 2315 1529 2358 speciem
1556 2316 1806 2359 praebentibus
1833 2318 1944 2361 pori),
1982 2320 2167 2354 confertim
2194 2326 2228 2355 et
2255 2323 2324 2356 ele-

116 2389 242 2430 ganter
274 2384 324 2417 ita
358 2383 600 2417 ordinatarum
632 2385 671 2415 ut
704 2381 860 2415 minores
887 2384 922 2415 et
954 2382 1162 2426 graciliores
1196 2381 1352 2423 interne,
1395 2382 1591 2415 crassiores
1619 2386 1736 2416 autem
1771 2388 1917 2417 externe.
1954 2385 2144 2429 dispositae
2171 2388 2249 2422 sint.
2275 2410 2323 2414 —

117 2452 258 2487 Color
292 2454 328 2484 et
360 2450 540 2495 pictura
573 2460 653 2482 cum
678 2460 778 2482 mare
805 2448 989 2491 convenit3
1028 2449 1091 2482 sed
1118 2449 1280 2482 maculae
1307 2448 1505 2482 abdominis
1538 2448 1654 2482 minus
1688 2461 1767 2483 cum
1794 2451 1913 2484 colore
1938 2451 2040 2497 nigro
2068 2453 2217 2488 laterum
2243 2467 2324 2490 con-

114 2521 246 2562 ssuunt,
288 2518 391 2551 tuber
417 2517 521 2550 anale
547 2519 661 2549 totum
686 2516 820 2549 ssavum
847 2518 923 2557 est,
963 2515 1052 2549 vitta
1079 2515 1237 2549 lateralis
1264 2515 1383 2560 grisea
1409 2516 1546 2549 caudae
1573 2515 1699 2550 deficit.

264 2600 298 2635 3.
351 2600 535 2634 Femina
562 2598 734 2641 adulta,
763 2610 810 2632 ex
835 2598 986 2632 Austria
1011 2599 1141 2639 missa,
1169 2609 1322 2641 superne
1348 2598 1485 2642 rugulis
1511 2599 1679 2632 brevibus
1705 2600 2021 2644 longitudinalibus
2048 2605 2215 2639 confertis
2241 2618 2315 2639 sca-

113 2671 178 2704 bra
204 2672 279 2711 est,
305 2667 454 2712 rugulae
482 2667 572 2700 istae
597 2666 813 2709 respondent
839 2665 997 2710 granulis
1023 2665 1288 2698 individuorum
1313 2665 1541 2709 reliquorum,
1568 2666 1682 2710 magis
1709 2671 1827 2701 autem
1853 2668 1889 2701 in
1916 2669 2171 2713 longitudinem
2197 2677 2318 2706 exten-

115 2748 178 2771 sae
211 2738 303 2769 sunt.
363 2733 502 2768 Color
536 2732 661 2777 capitis
695 2732 810 2766 trunci
843 2733 979 2765 caudae
1013 2735 1048 2765 et
1080 2732 1211 2776 pedum
1237 2742 1390 2775 superne
1418 2735 1471 2765 est
1506 2733 1824 2767 fusco-olivaceus
1852 2734 2101 2778 inmaculatus,
2144 2738 2321 2782 palpebris

114 2808 251 2844 tamen,
286 2801 502 2845 maculisque
528 2799 724 2842 nonnullis,
753 2800 799 2833 ad
824 2799 938 2832 latera
964 2799 1100 2832 caudae
1126 2799 1163 2831 in
1188 2798 1319 2832 seriem
1351 2798 1643 2843 longitudinalem
1669 2800 1866 2843 dispositis,
1908 2803 2140 2845 aurantiacis;
2182 2805 2318 2839 inferne

113 2869 360 2910 aurantiacus,
386 2871 528 2913 pectore
556 2866 812 2911 abdomineque
838 2865 1181 2910 nigro-maculatis,
1219 2865 1334 2909 capite
1361 2865 1675 2908 fusco-olivaceo,
1710 2868 2113 2912 aurantiaco-punctato
2141 2875 2175 2903 et
2200 2883 2318 2906 macu-

113 2939 197 2972 lato.
249 2935 319 2971 Ubi
345 2940 464 2968 autem
490 2933 678 2978 epidermis
704 2937 808 2967 vetus
835 2931 1000 2974 secessit,
1029 2933 1127 2966 color
1153 2943 1305 2976 superne
1334 2935 1387 2966 est
1413 2932 1750 2977 nigro-purpureus
1777 2935 1924 2968 maculis
1952 2936 2234 2980 obscurioribus,
2269 2940 2318 2973 la-

113 3005 247 3039 teribus
274 3001 581 3046 albo-punctatis,
615 3000 754 3034 inferne
781 3000 920 3034 albidus
945 2999 1288 3044 nigro-maculatus.

262 3086 297 3121 4.
349 3085 545 3119 Femina.
599 3083 776 3127 Corpus
809 3083 856 3118 33
883 3083 995 3117 lineas
1021 3083 1185 3127 longum,
1214 3081 1328 3115 cauda
1361 3093 1510 3125 corpore
1537 3083 1641 3125 paulo
1668 3084 1812 3116 brevior
1837 3088 1900 3117 est.
1954 3083 2097 3129 Caput
2133 3090 2314 3132 angustius

114 3165 219 3200 quam
244 3153 384 3188 feminis
407 3153 483 3197 jam
509 3150 712 3195 descriptis,
747 3151 967 3184 maxillae
1002 3149 1273 3193 superiores
1309 3149 1461 3192 vestigio
1490 3150 1693 3192 appendicis
1720 3151 2010 3185 membranaceae
2037 3155 2239 3198 marginalis
2266 3157 2313 3188 la-

115 3220 255 3262 teralis,
302 3220 512 3254 verrucis
553 3217 712 3262 corporis
738 3217 848 3251 multo
875 3217 1070 3250 minoribus
1107 3220 1142 3249 et
1175 3215 1465 3257 obsoletioribus,
1507 3217 1650 3250 cauda
1682 3216 1868 3250 humiliore
1903 3219 2087 3264 minusque
2114 3222 2183 3253 alta
2211 3222 2311 3259 {sieut

114 3288 149 3322 in
175 3287 335 3320 iconibus
360 3286 711 3327 BECHSTEIMAMS),
739 3283 902 3328 digitis
936 3283 1183 3328 gracilioribus
1212 3283 1301 3325 (fere
1328 3282 1417 3316 sicut
1443 3282 1477 3314 in
1504 3293 1602 3315 marc
1629 3294 1737 3326 supra
1764 3285 1974 3328 descripto),
2018 3287 2151 3329 plicis
2178 3288 2312 3330 genita-

114 3355 198 3388 lium
216 3357 251 3387 et
276 3353 381 3397 gulae
398 3353 683 3393 obsoletioribus,
711 3362 732 3384 a
758 3350 897 3384 feminis
925 3350 1213 3384 antecedentibus
1240 3349 1355 3382 differt
1373 3368 1420 3372 —
1448 3347 1585 3382 Color
1610 3360 1717 3393 supra
1744 3354 1777 3383 et
1803 3352 1972 3384 lateribus
1997 3353 2167 3385 obscurus
2194 3355 2312 3387 susco-

114 3422 232 3465 niger,
279 3420 425 3453 maculis
451 3420 562 3464 nigris
589 3418 777 3460 obsoletis,
825 3417 937 3450 latera
973 3416 1097 3460 capitis
1124 3416 1237 3449 trunci
1265 3420 1296 3449 et
1325 3416 1460 3448 caudae
1494 3416 1620 3449 atomis
1655 3417 1770 3449 niveis
1806 3418 1985 3460 adspersa.
2039 3418 2172 3452 Subtus
2207 3426 2311 3464 caput

115 3492 226 3521 totum
252 3487 391 3531 nigrum
418 3490 490 3528 est,
527 3486 702 3529 punctulis
729 3483 818 3517 albis
845 3483 1014 3516 confertis
1041 3483 1223 3527 eleganter
1249 3483 1475 3525 adspersum3
1511 3487 1634 3526 pectus
1661 3487 1695 3515 et
1721 3484 1893 3515 abdomen
1920 3485 2031 3523 flava,
2059 3485 2309 3529 nigro-macu-

115 3555 204 3595 latai,
242 3554 388 3587 maculis
416 3553 611 3586 abdominis
638 3556 792 3586 attamen
818 3551 930 3583 latera
960 3560 1084 3583 versus
1120 3550 1264 3583 remotis
1301 3553 1333 3581 et
1361 3560 1439 3582 cum
1467 3549 1585 3582 colore
1619 3550 1720 3593 nigro
1746 3549 1895 3582 laterum
1923 3550 2076 3593 ipsorum
2104 3554 2307 3586 confluenti-

181 3619 414 3644 vamnonsr
452 3616 596 3651 Reptu'lia.
1661 3615 1709 3649 22
