2534 3890
209 225 272 267 62
1124 214 1497 252 BATRAGHIA.

357 331 585 367 Individuum
610 330 779 372 alterum,
815 330 921 374 paulo
947 328 1081 371 majus,
1113 326 1238 359 vittam
1265 325 1442 359 dorsalem
1459 324 1567 358 habet
1593 324 1861 368 obsoletiorem,
1888 326 2033 360 dorsum
2058 330 2170 360 totum
2196 328 2412 373 epidermide

204 402 305 435 fusco
332 399 517 439 vestitum,
551 397 709 431 maculas
734 397 856 442 nigras
883 393 1081 429 abdominis
1108 393 1410 434 obsoletissimas,
1436 390 1632 436 marginem
1657 391 1798 436 nigrum
1823 394 2048 427 maxillarum
2074 393 2283 429 inferiorum
2308 397 2412 430 obso-

202 467 381 507 letiorem3
415 465 479 499 sed
506 465 595 498 vitta
621 467 784 498 ornatum
810 467 864 497 est
889 461 1147 505 nigro-fusca,
1191 461 1257 494 sub
1284 460 1445 504 margine
1472 461 1621 492 externo
1650 458 1851 502 parotidum
1877 464 1974 503 orta,
2011 462 2056 495 ad
2081 462 2237 496 medium
2263 463 2412 497 laterum

201 533 315 567 trunci
341 533 466 574 ducta,
501 532 633 566 sensim
659 535 777 565 tamen
804 531 1050 563 evanescente.
1091 527 1282 561 Individuo
1310 538 1418 572 supra
1444 525 1620 570 descripto
1648 524 1754 568 hujus
1780 526 1890 560 vittae
1915 539 1986 566 non
2011 529 2080 563 nisi
2105 529 2295 575 vestigium
2319 530 2414 565 infra

198 600 398 645 parotides,
433 599 492 633 vel
518 599 636 643 potius
663 599 708 632 ad
734 595 930 641 marginem
957 598 1143 629 externum
1167 595 1370 639 parotidum
1402 594 1536 638 ipsum,
1578 595 1751 637 superest.

348 667 469 701 Bufo
504 658 693 700 ornatus
720 663 845 697 Smxu
872 674 952 707 pag.
970 660 1036 705 45,
1074 658 1184 705 n.38,
1212 663 1283 695 tab.
1301 661 1413 703 XVI,
1434 660 1499 706 fig.
1516 661 1557 703 2,
1594 660 1676 694 huic
1703 659 1836 703 speciei
1861 662 2061 705 respondet.
2113 662 2247 698 Noster
2271 665 2413 710 quidem

197 733 312 777 major
338 737 410 776 est,
454 733 615 767 verrucis
641 730 784 764 minime
810 730 978 774 hispidis,
1020 730 1157 774 pictura
1183 740 1324 774 quoque
1357 728 1453 762 haud
1487 727 1629 761 omnino
1664 730 1902 771 congruente,
1938 729 2003 762 sed
2035 730 2128 764 notis
2165 733 2412 767 essentialibus

195 802 300 835 ambo
329 800 553 835 conveniunt.
614 797 780 832 Maculae
817 798 1042 831 obscuriores
1076 797 1237 830 dorsales
1270 796 1486 840 irregulares
1520 794 1632 828 nostri
1665 794 1869 838 speciminis
1902 795 2103 830 rudimenta
2136 808 2215 832 esse
2248 800 2413 835 videntur

195 868 310 903 crucis
344 868 526 912 geminae,
571 877 678 911 quam
712 864 807 899 SP1x
844 865 1015 899 exhibuit.
1085 863 1243 898 Ornatus
1276 863 1401 897 SPIXH
1436 863 1561 896 subtus
1595 861 1842 896 immaculatus
1877 866 1931 896 est
1963 883 2011 888 —-
2062 863 2184 898 Bufo
2219 870 2411 902 ornatus

193 934 368 978 Principis
396 943 443 968 DE
470 934 587 967 VVnzD
616 932 741 977 (Beitr.
759 932 798 974 Ι,
826 944 859 977 p.
878 930 970 974 558,
1005 943 1039 965 n.
1058 931 1095 974 3)
1131 931 1248 965 differt
1281 942 1302 964 a
1329 934 1470 973 nostro,
1512 929 1641 974 plantis
1676 929 1948 974 semipalmatis,
1990 931 2151 966 verrucis
2185 933 2410 979 elatioribus3

194 1001 421 1035 nihilominus
449 1002 574 1043 credo,
611 1001 710 1034 illum
744 1011 885 1045 quoque
912 999 957 1032 ad
983 1002 1142 1032 nostrum
1177 999 1415 1032 adhibendum
1442 1008 1543 1039 esse,
1586 995 1761 1041 Princeps
1788 997 1881 1031 enim
1908 997 1954 1031 ad
1980 1009 2081 1032 suam
2108 1001 2263 1043 speciem
2288 1002 2412 1036 laudat

193 1074 397 1102 ornatum
424 1068 569 1111 SPIXH,
607 1068 757 1112 pedibus
783 1067 879 1100 haud
904 1066 1069 1111 palmatis
1097 1066 1329 1100 differentem.
1382 1065 1426 1099 In
1452 1068 1574 1098 nostro
1609 1064 1792 1098 individuo
1828 1065 1929 1109 digiti
1961 1066 2088 1110 postici
2122 1068 2198 1101 basi
2232 1069 2311 1102 sola
2336 1070 2409 1114 pal-

189 1136 274 1169 mati
300 1139 402 1178 sunt,
429 1136 556 1180 quibus
584 1147 670 1180 ergo
697 1138 858 1168 nostrum
886 1134 978 1167 inter
1002 1134 1186 1168 individua
1205 1133 1381 1178 Principis
1409 1137 1444 1166 et
1470 1132 1595 1166 SPIXII
1621 1131 1778 1165 medium
1804 1134 1910 1166 tenet.
1956 1132 2075 1170 Quem
2088 1132 2263 1180 Princeps
2290 1140 2409 1171 autem

191 1203 226 1236 in
259 1203 432 1237 fasciculo
463 1202 521 1237 XI
547 1202 697 1237 Iconum
724 1203 770 1236 ad
796 1201 888 1235 Hist.
916 1204 987 1235 nat.
1013 1201 1143 1235 Brasil.
1172 1201 1280 1235 edidit
1307 1200 1426 1235 Bufo
1461 1202 1669 1240 ornatus,
1712 1210 1734 1232 a
1759 1202 1881 1233 nostro
1909 1199 2026 1233 differt
2049 1201 2245 1244 parvitate,
2280 1214 2410 1248 granu·

189 1270 233 1304 lis
261 1271 558 1313 distinctioribus,
602 1270 721 1314 digitis
755 1269 901 1313 posticis
936 1269 1019 1302 totis
1053 1268 1193 1311 liberis,
1238 1280 1343 1302 cruce
1377 1267 1508 1312 duplici
1544 1266 1679 1300 dorsali
1711 1266 1814 1310 nigra
1849 1267 2078 1302 distinctiore.
2138 1267 2196 1302 De
2229 1269 2409 1305 Bufone

189 1338 542 1382 margaritifero
570 1336 774 1378 DAUDm'u,
810 1340 845 1369 et
872 1335 997 1369 SEBAE
1016 1335 1055 1378 Ι,
1091 1337 1162 1369 tab.
1179 1335 1247 1377 71,
1281 1336 1339 1380 fig.
1357 1336 1399 1377 9,
1434 1345 1523 1380 quos
1550 1332 1722 1377 Princeps
1749 1334 1795 1367 ad
1822 1345 1923 1368 suam
1949 1334 2105 1378 speciem
2131 1336 2283 1381 allegat,
2325 1350 2408 1372 con-

187 1405 285 1439 feras
313 1416 403 1450 quae
430 1406 494 1439 sub
522 1405 565 1438 B.
593 1404 830 1448 typhonio,
865 1414 899 1436 11.
917 1402 959 1444 2,
986 1403 1108 1436 monui
1135 1424 1182 1428 —
1210 1403 1424 1444 Quaeritur,
1452 1413 1537 1435 num
1564 1412 1705 1446 quoque
1730 1401 1849 1435 Rufo
1877 1402 2077 1436 dorsalis
2105 1402 2230 1437 Smxn
2256 1405 2406 1450 pag.46,

187 1483 221 1506 n.
237 1471 304 1514 40,
340 1473 411 1507 tab.
432 1471 562 1514 XVII,
592 1471 649 1516 fig.
668 1471 710 1513 2,
739 1470 810 1505 huc
836 1469 965 1505 referri
991 1470 1129 1504 debeat.
1183 1469 1283 1504 Vitta
1309 1471 1386 1514 ejus
1421 1470 1530 1503 vittae
1565 1468 1681 1502 ornati
1707 1468 1820 1502 nostri
1844 1469 2045 1514 respondet.
2098 1469 2193 1505 Srlx
2218 1472 2296 1516 ipse
2321 1483 2406 1518 quo-

186 1551 254 1584 que
280 1540 382 1582 dicit,
416 1539 596 1574 Rusonem
622 1539 801 1573 dorsalem
828 1540 953 1571 ornato
981 1540 1016 1570 et
1042 1538 1169 1571 scabro
1199 1538 1348 1581 (musico
1374 1538 1511 1579 nostro)
1539 1535 1683 1571 affinem
1711 1546 1802 1569 esse.

856 1889 929 1932 10.
1025 1889 1073 1930 B.
1155 1887 1731 1930 CINEREUS.

338 2016 597 2058 Verrucosus,
629 2014 812 2062 paratitlo
837 2012 1120 2055 subeemiomli,
1157 2013 1308 2060 plantis
1333 2012 1633 2060 sentt'smlttztcti33
1677 2013 1855 2048 cinereus
1881 2019 1953 2049 aut
1972 2015 2128 2063 piceus,
2157 2018 2251 2065 plus

997 2081 1124 2116 mimas
1156 2078 1315 2114 obscuro
1325 2100 1337 2106 -
1347 2080 1578 2115 maculatas.

782 2208 909 2243 Rana
943 2209 1051 2242 bufo
1088 2207 1197 2241 LINN.
1226 2211 1293 2241 etc.

781 2277 901 2310 Bufo
935 2275 1149 2321 vulgaris
1186 2274 1309 2308 LAUR.
1337 2273 1464 2309 DAUD.
1493 2278 1558 2308 etc.

782 2343 898 2377 Bufio
934 2343 1152 2377 cinereus
1187 2341 1303 2376 SCHN.
1331 2340 1459 2376 MERR.
1488 2348 1554 2375 etc.

328 2479 507 2512 Auctores
534 2478 626 2511 hanc
652 2477 808 2521 speciem
834 2477 922 2511 satis
957 2477 1048 2510 bene
1082 2475 1363 2520 descripserunt3
1404 2474 1554 2508 Rosssm.
1588 2479 1710 2509 noster
1745 2480 1863 2511 autem
1896 2477 2036 2513 iconem
2069 2479 2147 2523 ejus
2174 2480 2395 2526 elegantissi-

174 2557 268 2580 mam
297 2549 332 2579 et
358 2545 622 2579 exactissimam
649 2544 769 2578 edidit.

328 2613 420 2646 Lon
431 2613 524 2657 gitu
534 2612 586 2645 do
614 2612 878 2645 individuorum
904 2610 1152 2655 indigenorum
1178 2605 1291 2643 nostri
1318 2609 1432 2643 musei
1459 2613 1513 2643 est
1540 2610 1587 2651 12¹2
1615 2630 1663 2635 —
1690 2609 1739 2651 33-
1762 2611 1950 2655 pollicum,
1993 2613 2038 2647 ab
2069 2613 2170 2658 apice
2196 2616 2322 2660 capitis
2349 2618 2395 2653 ad

173 2692 281 2714 anum
308 2691 432 2725 usquc.
494 2678 642 2723 Caput
676 2679 877 2712 adultorum
911 2678 1073 2711 obtusius
1101 2681 1154 2710 est
1190 2677 1305 2720 capite
1338 2677 1525 2710 minorum.
1588 2677 1815 2722 Tympanum
1841 2679 2001 2722 plurimis
2034 2682 2176 2715 omnino
2203 2683 2323 2727 deest3
2359 2685 2395 2720 in

174 2760 244 2781 uno
271 2751 407 2781 tantum
434 2747 696 2780 individuorum
723 2746 899 2789 majorum
925 2756 1008 2789 pars
1035 2744 1191 2788 tympani
1219 2744 1337 2777 dextri
1363 2744 1623 2778 obsoletissime
1650 2746 1874 2789 conspicitur.
1926 2745 2078 2781 Maxilla
2102 2749 2253 2784 inferior
2277 2752 2394 2787 antice

174 2816 300 2848 leviter
327 2814 550 2859 emarginata
577 2817 648 2855 est,
684 2813 868 2846 tuberculo
896 2824 1008 2856 parvo
1037 2812 1163 2844 obtuso
1191 2811 1228 2844 in
1253 2811 1371 2844 medio
1400 2811 1694 2855 emarginaturae.
1747 2812 1936 2848 Parotis
1970 2814 2034 2848 vix
2059 2816 2296 2860 subpetiolata
2320 2819 2393 2853 for-

175 2894 269 2916 mam
296 2882 402 2915 habet
429 2882 505 2923 ovi,
540 2880 845 2925 longitudinaliter
871 2879 1008 2924 partiti,
1043 2878 1204 2922 margine
1231 2882 1328 2911 recto
1364 2883 1524 2912 externo.
1576 2877 1762 2921 MERREM,
1797 2879 1889 2913 inter
1922 2881 2146 2918 characteres
2173 2884 2394 2921 distinctivos

177 2949 283 2992 hujus
309 2949 472 2990 bufonis,
510 2949 764 2993 digitorum
797 2947 1080 2991 posticorum
1114 2945 1269 2990 apices
1306 2946 1563 2979 membrana
1595 2950 1755 2980 auctos
1789 2947 1941 2991 recepit3
1981 2950 2046 2984 sed
2080 2961 2219 2996 quoque
2252 2952 2295 2991 Β,
2322 2964 2391 2987 va-

175 3016 361 3049 riabilis
389 3017 449 3049 tali
476 3016 667 3049 instructus
695 3018 749 3048 est
774 3015 998 3055 membrana,
1034 3013 1140 3058 paulo
1175 3013 1318 3057 quidem
1354 3013 1579 3057 angustiore,
1617 3025 1696 3047 cum
1723 3014 1774 3056 ei,
1808 3016 1958 3050 caeteris
1985 3017 2148 3061 paribus,
2190 3018 2290 3063 digiti
2315 3019 2390 3054 lon-

177 3083 296 3128 giores
324 3085 359 3115 et
385 3083 592 3125 graciliores
619 3083 688 3116 sint
715 3093 820 3126 quam
847 3082 1000 3115 cinereo.
1062 3080 1228 3124 Denique
1254 3082 1357 3121 nota,
1393 3080 1437 3113 ab
1471 3079 1541 3113 ista
1575 3081 1781 3114 membrana
1807 3082 1988 3124 desumta,
2022 3084 2126 3118 nimis
2157 3085 2297 3120 subtilis
2324 3091 2390 3131 est,

176 3161 255 3184 cum
283 3160 412 3192 corpus
438 3153 549 3182 totum
575 3160 807 3182 verrucosum
834 3152 869 3183 et
894 3149 1033 3193 pictura
1065 3147 1157 3181 hanc
1183 3146 1338 3191 speciem
1372 3147 1503 3191 optime
1539 3148 1756 3191 distinguant
1788 3160 1810 3182 a
1835 3149 2017 3192 variabili,
2052 3151 2109 3184 cui
2144 3162 2316 3187 verrucae
2343 3156 2389 3189 ad

174 3218 288 3250 latera
314 3215 439 3259 capitis
465 3227 531 3249 nec
555 3228 628 3250 non
654 3216 689 3248 in
716 3216 810 3249 tibiis
837 3220 872 3249 et
898 3216 990 3250 ulnis
1017 3216 1155 3249 desunt.
1208 3212 1362 3255 Color,
1390 3214 1426 3247 in
1452 3214 1577 3257 spiritu
1603 3214 1675 3248 vini
1703 3220 1955 3259 commutatus,
1983 3217 2145 3252 cinereus
2171 3222 2233 3252 aut
2254 3221 2388 3265 piceus,

177 3284 439 3317 individuorum
465 3283 527 3316 uni
553 3283 923 3316 sordide-ochraceus
950 3286 1022 3324 est,
1058 3280 1245 3315 abdomine
1271 3280 1603 3324 nigro-maculat03
1638 3283 1702 3316 sed
1735 3283 1898 3326 memini,
1938 3283 2042 3318 vivos
2077 3284 2184 3319 etiam
2216 3286 2267 3320 ita
2293 3289 2388 3322 colo-

178 3357 272 3384 ratos
307 3351 458 3384 bufones
492 3349 598 3392 hujus
632 3349 764 3393 speciei
797 3349 949 3392 vidisse;
989 3349 1151 3383 omnibus
1185 3350 1323 3388 autem,
1364 3346 1560 3391 majoribus
1595 3360 1706 3394 aeque
1740 3362 1782 3384 ac
1814 3350 2027 3393 minoribus,
2068 3363 2191 3398 margo
2218 3358 2387 3390 externus

177 3418 375 3461 parotidum
401 3418 459 3451 vel
485 3421 579 3450 totus
606 3417 708 3461 niger
734 3419 804 3458 est,
848 3416 906 3449 vel
931 3418 1072 3450 macula
1096 3425 1227 3460 magna
1252 3414 1354 3458 nigra
1380 3418 1534 3449 notatus.

325 3483 476 3518 Praeter
501 3484 685 3518 individua
710 3483 895 3527 indigena,
933 3484 1001 3516 tria
1028 3484 1098 3517 alia
1124 3493 1245 3516 coram
1270 3481 1408 3523 habeO,
1443 3493 1553 3516 unum
1579 3483 1777 3525 sibiricum,
1820 3483 1969 3517 alterum
1995 3486 2182 3530 nubicum,
2223 3499 2245 3521 a
2270 3487 2385 3523 Lch-

176 3560 396 3584 TENSTEINIO
422 3552 508 3585 mihi
534 3551 660 3593 missa,
689 3551 830 3584 tertium
857 3551 1013 3584 incertae
1038 3551 1154 3593 sedis;
1181 3547 1299 3583 omnia
1326 3551 1445 3582 autem
1471 3549 1564 3584 notis
1579 3551 1787 3595 quibusdam
1804 3561 1826 3583 a
1842 3554 1964 3585 nostro
1992 3553 2133 3587 cinereo
2154 3554 2382 3591 discedentia.
