2632 3890
996 562 1725 618 GEN'USV.

660 761 2065 839 CHERSINEMERREM,

498 967 552 1019 T
599 967 650 1019 E
697 965 742 1020 S
790 967 843 1019 T
888 966 940 1020 U
983 967 1046 1019 D
1094 966 1148 1021 Ο
1230 976 1542 1020 BRONGN.
1600 977 2083 1023 scuWEIGGER
2126 990 2202 1024 etc.

924 1262 967 1303 1.
1060 1260 1182 1304 GH.
1243 1263 1791 1307 AREOLATA.

247 1400 366 1436 Testa
390 1397 639 1448 subintegra,
665 1397 836 1432 matellis
861 1393 1139 1431 vertebralibus
1165 1394 1262 1431 binis
1283 1394 1483 1444 prioribus
1509 1395 1792 1440 saltem-inam,
1819 1398 2106 1447 marginalibus
2128 1400 2197 1446 243
2241 1403 2466 1451 unguiculis

989 1464 1218 1511 palmarum
1244 1463 1285 1507 5,
1328 1465 1562 1511 plantarum
1588 1465 1623 1500 4.
1666 1466 1720 1501 Μ.

431 1616 447 1639 ‘c

396 1615 694 1693 (mmparatione
720 1646 895 1680 individui
928 1645 1041 1679 nostri
1074 1657 1154 1679 cum
1181 1646 1420 1690 descriptione
1448 1650 1481 1679 et
1509 1647 1671 1681 iconibus
1699 1659 1721 1681 a
1747 1647 1982 1683 Sc110EPFF10
2011 1651 2132 1693 editis,
2181 1653 2355 1696 quaedam
2381 1653 2466 1687 mihi

242 1730 282 1751 se
309 1717 513 1750 obtulerunt
538 1713 713 1747 notanda:
754 1711 829 1746 Vix
855 1715 937 1756 eget
962 1711 1160 1753 mentione,
1189 1711 1459 1745 SCHOEPFFIL'M
1486 1713 1695 1746 varietatem
1721 1718 1975 1757 monstrosam,
2004 1717 2161 1751 scutellis
2188 1719 2388 1753 dorsalibus
2407 1719 2465 1762 15,

241 1786 343 1819 icone
371 1782 596 1823 exhibuisse,
639 1791 723 1813 nam
748 1779 838 1812 haec
872 1779 1030 1823 species,
1072 1790 1219 1812 numero
1249 1780 1429 1813 ordinario
1464 1781 1695 1813 scutellorum
1722 1782 1917 1815 dorsalium
1944 1783 2008 1825 13,
2052 1796 2132 1818 eum
2165 1786 2309 1830 reliquis
2344 1799 2465 1831 cospe-

241 1854 364 1886 ciebus
391 1849 572 1894 congruit,
607 1848 702 1892 quod
729 1848 836 1880 etiam
863 1858 882 1879 e
910 1846 1136 1880 SCHOEPFFH
1165 1847 1402 1890 descriptione
1428 1850 1535 1891 patet.
1588 1847 1760 1882 Nostrum
1786 1850 1965 1893 specimen
1982 1852 2099 1885 autice
2126 1853 2330 1897 posticeque
2356 1866 2465 1899 acque

241 1922 355 1954 latum
382 1922 455 1960 cst3
505 1916 655 1950 scutella
690 1914 848 1947 dorsalia
873 1913 1012 1956 majora
1039 1917 1121 1946 sunt
1155 1917 1190 1946 et
1217 1915 1437 1947 convexiora
1471 1926 1576 1958 quam
1611 1915 1645 1948 in
1674 1916 1775 1949 icone
1803 1916 2049 1961 SCHOEPFF113
2100 1931 2288 1963 processus
2315 1922 2465 1955 caudae-

240 1987 365 2022 formis
393 1984 532 2019 scutelli
558 1982 763 2027 marginalis
790 1981 936 2025 postici,
974 1992 1078 2024 quem
1105 1980 1218 2024 figura
1236 1980 1257 2014 3
1287 1981 1449 2023 exhibet,
1486 1986 1607 2015 nostro
1636 1983 1756 2026 deest3
1791 1984 1910 2018 colore
1938 1989 2056 2019 autem
2084 1990 2118 2020 et
2144 1987 2281 2031 pictura
2306 1992 2465 2022 nostrum

240 2055 356 2098 magis
391 2051 584 2095 respondet
624 2048 874 2084 Testudini
915 2047 1206 2091 marginatae
1243 2047 1469 2081 ScnOEPFFll
1506 2051 1576 2082 tab.
1601 2048 1676 2092 XI,
1721 2062 1827 2095 quam
1854 2053 2096 2087 areolatae
2133 2054 2369 2090 SCHOEPFFH.
2420 2055 2464 2089 In

242 2121 478 2164 descriptione
505 2121 630 2151 auctor
657 2117 790 2157 adfert,
826 2115 1056 2148 scutellorum
1082 2115 1333 2158 marginalium
1359 2116 1533 2159 posticum
1561 2117 1678 2150 medio
1706 2119 1881 2152 sulcatum
1908 2123 1941 2152 et
1968 2121 2069 2164 quasi
2097 2133 2115 2153 e
2143 2122 2281 2155 duobus
2309 2123 2463 2156 scutellis

242 2188 477 2232 compositum
504 2197 602 2226 esse,
646 2184 777 2217 SERAM
806 2184 896 2215 adeo
933 2181 972 2224 (I
999 2183 1069 2215 tab.
1089 2181 1157 2219 80,
1185 2182 1264 2226 Fig.
1285 2182 1341 2225 6.)
1378 2182 1446 2215 hoc
1473 2185 1660 2217 scutellum
1686 2185 1891 2228 bipartitum
1918 2187 2142 2229 exhibuisse,
2178 2189 2271 2232 quod
2297 2193 2462 2232 attamen,

243 2269 263 2290 c
289 2256 534 2289 THUNBERGH
569 2252 670 2284 icone
705 2254 739 2282 et
775 2249 1039 2292 exemplaribus
1066 2248 1292 2281 Scnonprrn
1321 2249 1426 2293 ipsis,
1478 2250 1573 2283 haud
1609 2262 1689 2284 cum
1722 2255 1851 2284 natura
1884 2254 2057 2297 congruit.
2135 2254 2177 2287 In
2204 2259 2325 2288 nostro
2352 2257 2463 2300 speci-

242 2324 356 2364 mine,
400 2331 512 2364 aeque
540 2330 582 2352 ac
609 2319 645 2351 in
681 2318 783 2350 icone
811 2316 1121 2357 Senonwrmm,
1163 2316 1353 2360 nequidem
1385 2316 1506 2350 sulcus
1540 2317 1764 2361 levissimus,
1805 2330 1872 2352 nec
1898 2320 2011 2354 ullum
2042 2321 2240 2365 partitionis
2273 2323 2464 2368 vestigium

245 2403 285 2425 se
320 2389 448 2435 prodit.

396 2454 530 2488 Nostro
558 2451 751 2496 specimine
777 2450 870 2484 notis
898 2449 1076 2493 pluribus,
1120 2448 1217 2482 haud
1245 2449 1407 2493 equidem
1435 2451 1624 2494 gravibus.
1669 2462 1690 2484 a
1717 2451 1976 2487 Testudine
2003 2455 2212 2489 areolata
2238 2455 2462 2492 SCHOEPFFII

246 2524 468 2563 discedente,
519 2519 819 2563 comparationem
854 2517 989 2550 institui
1024 2528 1104 2549 cum
1147 2516 1270 2550 Test.
1313 2518 1575 2561 marginata
1617 2520 1760 2552 tabulae
1786 2519 1843 2554 XI
1878 2521 2114 2556 SCHOEPFFH.
2182 2522 2297 2557 Testa
2328 2528 2463 2568 nostra,

244 2590 466 2636 longitudine
494 2587 542 2627 321-
568 2587 752 2630 pollicum,
797 2585 993 2618 convexior
1021 2587 1073 2617 est
1101 2588 1135 2616 et
1162 2596 1225 2627 pro
1252 2585 1390 2617 ratione
1417 2585 1539 2627 latior,
1583 2597 1649 2619 nec
1675 2587 1846 2621 lateribus
1883 2600 2098 2633 compressa.
2151 2589 2310 2624 Scutella
2335 2593 2463 2637 margi-

245 2660 342 2693 nalia.
368 2657 505 2702 postica
542 2655 654 2687 iconis
683 2654 791 2686 multo
826 2653 954 2685 latiora
989 2656 1069 2684 sunt
1103 2652 1283 2695 multoque
1318 2653 1431 2695 magis
1468 2652 1501 2684 in
1537 2653 1643 2686 situm
1678 2654 1934 2688 horizontalem
1970 2657 2116 2690 dilatata
2150 2669 2256 2702 quam
2282 2658 2316 2691 in
2342 2663 2463 2693 nostro

247 2726 431 2760 individuo
468 2723 547 2765 (cui
582 2722 723 2766 quidem
757 2731 880 2763 margo
908 2719 1065 2763 posticas
1100 2719 1247 2750 detritus
1277 2722 1347 2759 est,
1398 2730 1463 2751 nec
1498 2731 1603 2760 vero,
1655 2721 1749 2763 quod
1785 2733 1803 2753 c
1831 2733 1978 2755 numero
2013 2725 2188 2768 completo
2223 2737 2393 2769 rugarum
2430 2731 2463 2760 et

249 2794 394 2826 dimidia
420 2794 520 2835 parte
555 2789 756 2822 areolarum
783 2788 920 2831 reliqua
946 2786 1115 2829 colligere,
1142 2785 1198 2818 sas
1227 2789 1298 2825 est,
1334 2786 1424 2818 adeo
1452 2787 1653 2823 mutilatus,
1688 2791 1725 2820 ut
1753 2791 1826 2821 tota
1854 2801 1896 2821 ea
1921 2801 2024 2833 pars,
2061 2803 2151 2835 quae
2178 2793 2268 2836 parti
2296 2793 2463 2827 dilatatae

250 2861 377 2893 horum
403 2858 632 2891 seutellorum
659 2854 868 2889 Testudinis
895 2853 1114 2897 111argi11atae
1142 2853 1392 2895 responderet,
1437 2854 1667 2886 abscessisset
1684 2860 1710 2896 ¹3
1757 2856 1821 2888 sed
1856 2867 1935 2900 pag.
1957 2856 2003 2890 55
2031 2858 2227 2892 Scnonpfr
2254 2860 2328 2903 ipse
2355 2860 2462 2902 addit,

250 2926 462 2972 quibusdam
489 2924 680 2956 individuis
714 2922 911 2966 marginem
945 2921 1120 2964 posticum
1157 2920 1199 2958 (i.
1229 2932 1258 2953 e.
1287 2920 1437 2953 scutella
1463 2921 1672 2964 marginalia.
1698 2922 1854 2964 postica)
1898 2925 2142 2959 retractiorem
2167 2926 2350 2969 minusque
2377 2927 2462 2960 dila-

251 2998 363 3028 tatum
398 3003 489 3024 esse.
549 2991 674 3033 Apex,
717 3001 825 3034 supra
859 2988 1046 3022 scutellum
1073 2987 1248 3030 posticum
1282 2987 1478 3031 marginalo
1514 2992 1716 3031 porrectus,
1760 3000 1863 3033 quem
1890 2991 1971 3024 icon
1998 2992 2161 3033 exhibet,
2201 2996 2322 3025 nostro
2350 2994 2460 3028 deest.

251 3061 341 3095 Icon
373 3059 515 3092 tabulae
541 3057 618 3089 XII
652 3057 793 3100 quidem
826 3057 886 3088 illo
923 3055 1023 3099 apice
1059 3058 1173 3095 caret,
1223 3054 1287 3086 sed
1322 3054 1365 3086 dc
1399 3054 1641 3097 magnitudine
1675 3056 1791 3088 forma
1825 3061 1859 3089 et
1885 3059 2042 3092 scutellis
2076 3059 2328 3102 marginalibus
2356 3060 2460 3104 idem,

251 3129 346 3173 quod
368 3127 445 3170 jam
471 3124 612 3164 monui,
649 3124 766 3155 locum
793 3123 910 3155 habet.
964 3122 1006 3155 In
1034 3125 1182 3166 utraque
1217 3120 1318 3153 icone
1346 3120 1452 3153 etiam
1480 3122 1623 3154 areolae
1658 3123 1886 3157 scutellorum
1915 3125 2147 3158 obsoletiores
2181 3126 2365 3170 minusque
2392 3128 2461 3162 dis-

252 3196 359 3228 tincte
385 3196 537 3238 punctae
564 3193 645 3223 sunt
671 3200 775 3233 quam
803 3190 838 3221 in
864 3192 985 3221 nostro
1013 3189 1214 3231 specimine.
1268 3187 1418 3220 Scutum
1443 3191 1603 3221 nostrum
1630 3189 1813 3223 altitudine
1842 3195 1894 3224 est
1921 3192 2086 3224 dimidiae
2114 3192 2354 3236 longitudinis.

403 3260 508 3294 Licet
534 3269 619 3301 ergo
647 3269 713 3290 nec
739 3267 819 3289 cum
846 3255 1045 3288 Testudine
1072 3256 1250 3295 areolata,
1278 3265 1344 3287 nec
1371 3265 1451 3287 eum
1477 3255 1672 3299 marginata
1701 3258 1857 3299 perfecte
1885 3262 2074 3301 congruat.
2103 3263 2257 3292 attamen
2283 3260 2459 3304 specimen

253 3331 412 3361 nostrum
445 3326 624 3360 lubentius
659 3324 704 3356 ad
731 3323 926 3356 areolatam
959 3322 1094 3354 referre
1129 3322 1227 3355 volui
1260 3332 1366 3366 quam
1402 3321 1447 3353 ad
1473 3322 1726 3366 marginatam.
1777 3324 1898 3357 habitu
1935 3328 2007 3357 toto
2036 3325 2128 3358 enim
2154 3327 2268 3370 magis
2295 3328 2340 3360 ad
2366 3328 2461 3362 illam

256 3405 360 3439 quam
395 3394 440 3426 ad
474 3394 565 3426 hanc
599 3395 745 3435 spectat.
813 3388 984 3433 Congruit
1019 3400 1157 3433 quoque
1195 3400 1274 3422 cum
1300 3388 1568 3421 Scnwmonmu
1604 3390 1838 3434 descriptione
1881 3390 2158 3426 Testudinis
2200 3394 2458 3435 areolatae,
