2534 3890
194 257 285 299 10-‘1
1106 248 1479 285 RATRAeHlA.

190 368 250 409 ..di
276 366 349 399 vita
377 376 395 397 e
423 363 657 398 nutrizione“
692 367 757 397 ete.
811 361 1065 397 Salanuxndras
1102 360 1221 404 itaque
1256 360 1301 393 ad
1329 359 1497 392 an'nnalia
1530 357 1678 402 ovipara
1710 359 1830 393 refert.
1883 359 2019 403 Injuste
2054 362 2174 394 autem
2199 359 2399 397 LACEPEDF.
2449 380 2453 381 ⁷

189 436 326 473 narrat,
368 431 656 464 uem-nmmum
690 430 944 464 Salamamlras
979 427 1190 460 animalibus
1225 426 1381 470 oviparis
1419 425 1626 467 adsociare,
1669 425 1885 460 wear-imm
1920 427 2013 461 enim
2047 427 2131 460 dicit
2166 439 2199 471 p.
2222 428 2270 462 82
2305 428 2340 475 ξ.
2364 430 2398 464 3.

186 498 397 541 „Quamvis
422 498 683 531 Salamandrae
716 499 761 530 ad
788 496 1016 538 ‹wiparorum
1049 494 1196 527 alteram
1221 495 1375 527 classem
1410 500 1516 537 (quae
1550 503 1620 525 ova
1655 492 1795 536 quidem
1820 495 1979 537 perfecta
2005 495 2226 538 concipiunt,
2267 496 2331 529 sed
2357 508 2401 530 ca

188 566 255 607 „in
282 569 383 598 utero
411 566 637 606 excludunt»,
679 568 852 608 quatenus
880 573 948 594 ova
976 561 1195 605 concipiunt,
1235 572 1306 594 non
1333 561 1451 603 inepte.
1477 560 1604 593 referri
1630 563 1793 604 possent,
1834 561 1959 595 melius
1986 564 2104 595 tamen
2130 566 2166 595 et
2191 562 2399 605 rectissime,

189 635 393 677 „quatenus
426 632 562 666 foetum
598 632 719 664 vivum
752 629 964 670 excludunt,
1007 628 1178 672 viviparis
1211 639 1273 661 eas
1307 628 1592 660 adnumerandus
1627 638 1708 660 esse
1742 627 2036 671 existimarem“;
2078 632 2113 662 et
2145 640 2226 674 pag.
2242 629 2291 663 83
2325 630 2400 673 ipse

187 700 314 741 refert,
353 710 394 732 se
420 698 677 732 Salamandrae
710 696 880 729 feminam
913 697 1032 729 foetus
1061 694 1110 730 34
1147 695 1251 728 vivos
1285 695 1392 727 edere
1426 694 1569 728 vidisse.
1628 693 1758 727 Beros
1785 694 1918 738 primus
1940 697 2039 728 testis
2066 699 2187 739 partus
2214 696 2401 730 Salaman-

188 766 273 799 drac
300 766 411 799 fuisse
438 766 595 805 videtur,
629 763 714 796 dicit
740 763 852 805 enim,
887 774 926 796 se
953 762 1193 807 conspicatum
1219 761 1332 795 fuisse
1358 761 1631 794 salamandram
1640 785 1650 803 ,
1686 772 1777 805 quae
1802 762 1931 795 multos
1957 763 2074 796 foetus
2102 763 2178 797 sine
2204 764 2400 805 involucro,

188 845 288 867 more
315 833 489 876 viperae,
517 832 624 864 enixa
650 836 745 864 esset
770 849 819 854 —
845 829 1005 864 Dubium
1031 829 1147 862 adhuc
1174 832 1246 871 est,
1272 840 1356 862 num
1382 829 1495 862 coitus
1523 832 1558 861 et
1583 832 1705 872 partus
1732 828 2049 863 Salamandrarum
2075 830 2110 862 in
2137 841 2230 874 aqua
2254 841 2339 864 num
2365 831 2400 864 in

187 901 281 933 sicco
308 899 543 943 perticiantm·.
596 897 838 941 Receptacula
865 897 992 930 horum
1026 897 1230 943 amimalium
1256 900 1337 929 sunt
1369 896 1439 929 loci
1464 895 1623 929 umbrosi
1648 895 1863 940 humidique.
1918 896 2075 933 Quidam
2101 902 2264 930 auctores
2292 895 2399 940 (GES-

187 976 277 1007 Min,
319 965 519 999 Lim-:runa
548 969 628 1007 ete.)
665 965 815 1006 addunt,
854 975 897 997 ea
924 964 1030 997 etiam
1057 964 1101 997 ad
1127 964 1222 1008 ripas
1249 964 1429 997 fossarum
1456 966 1490 996 et
1515 963 1713 996 rivulorum
1740 963 1929 1006 obvenire3
1969 964 2090 1008 plures
2116 964 2267 1008 denique
2295 976 2339 997 ea
2364 965 2400 997 in

186 1043 279 1077 aqua
304 1032 383 1077 ipsa
409 1033 708 1066 observaverunt:
750 1032 952 1065 Amucom
979 1032 1106 1072 refert,
1146 1042 1269 1065 meuse
1295 1030 1492 1064 Novembri
1517 1030 1793 1064 Salamandram
1819 1031 1940 1064 vivam
1967 1032 2103 1073 (forsan
2128 1030 2312 1076 MolgenZ)
2353 1043 2400 1065 ex

185 1100 283 1134 fonte
310 1100 477 1133 finitimae
505 1100 628 1143 sylvae
655 1110 719 1143 per
744 1098 880 1132 fistulas
917 1098 952 1131 in
979 1099 1147 1142 oppidum
1172 1098 1368 1132 influxisse.
1421 1097 1486 1132 ST.
1520 1096 1662 1131 JULIEN
1687 1101 1810 1131 narrat
1835 1098 1871 1131 in
1897 1098 2027 1141 literis,
2069 1109 2156 1143 quas
2182 1099 2400 1132 BEcns'rEm

186 1167 221 1200 in
247 1171 347 1211 parte
373 1168 532 1200 secunda
558 1166 677 1211 operis
704 1165 972 1199 LAeErl-:DEAM
1000 1176 1080 1210 pag.
1095 1165 1187 1207 221,
1229 1166 1291 1199 ubi
1317 1166 1363 1198 de
1390 1164 1636 1198 Salamandris
1664 1166 1797 1209 agitur,
1832 1165 1984 1208 recepit,
2018 1166 2188 1199 feminam
2214 1165 2400 1199 Salaman-

185 1234 303 1275 dram‚
332 1233 433 1277 cujus
459 1238 582 1267 uterus
608 1234 775 1267 foctubus
801 1233 968 1275 maturis,
994 1244 1081 1266 mox
1106 1233 1306 1274 nascituris,
1334 1232 1504 1277 gravidus
1527 1232 1666 1274 fuisset,
1694 1232 1728 1265 in
1755 1243 1848 1277 aqua
1874 1236 2013 1276 captam
2029 1243 2119 1267 esse.
2171 1232 2400 1275 BECHSTEm,

186 1301 219 1334 in
247 1301 476 1334 translatione
503 1301 622 1345 operis
649 1300 937 1341 LAcl-:PEDEAN1,
967 1300 1010 1333 de
1037 1299 1093 1333 his
1120 1300 1324 1344 amphibiis,
1359 1311 1440 1344 pag.
1464 1298 1537 1334 215
1565 1299 1601 1333 in
1627 1303 1712 1333 nota
1738 1299 1773 1342 6,
1800 1299 1889 1334 haec
1915 1300 2068 1344 profert:
2109 1299 2400 1342 „Salamandras

184 1368 358 1410 „adultas
384 1379 564 1412 nunquam
590 1370 714 1401 natare
742 1367 834 1409 vidi3
874 1368 1083 1412 plerumque.
1110 1370 1269 1411 tempore
1294 1367 1408 1400 coitus
1435 1367 1471 1399 in
1495 1367 1607 1401 fundo
1635 1378 1810 1411 aquarum
1835 1367 2076 1419 stagnantium
2102 1370 2258 1412 reptant,
2299 1348 2399 1411 prae-

184 1435 360 1479 „diligunt
387 1438 507 1469 autem
531 1435 692 1477 lacunas,
719 1435 780 1468 ubi
806 1446 900 1479 aqua
936 1435 997 1468 vix
1025 1435 1171 1467 dorsum
1196 1445 1320 1468 earum
1345 1434 1573 1477 humectat“;
1614 1438 1650 1467 et
1675 1445 1756 1478 pag.
1773 1433 1845 1468 211
1873 1434 1909 1467 in
1934 1438 2020 1467 nota
2042 1432 2063 1467 5
2090 1435 2134 1467 de
2167 1434 2400 1468 varietatibus

185 1503 419 1536 imniaculatis
446 1502 553 1546 hujus
579 1501 713 1546 speciei
739 1502 829 1535 haec
862 1502 940 1545 ejus
976 1505 1058 1535 sunt
1083 1502 1211 1535 verba:
1264 1501 1414 1544 „Etiam
1446 1501 1512 1535 has
1538 1501 1733 1535 varietates
1767 1504 1926 1545 tempore
1952 1502 2236 1546 propagationis,
2278 1512 2400 1535 mense

184 1568 344 1611 „Junio,
387 1580 467 1603 eum
500 1569 688 1603 maculatis
722 1569 759 1602 in
793 1569 930 1603 lacunis
965 1572 1000 1602 et
1033 1569 1208 1611 fontibus,
1250 1569 1287 1602 in
1319 1569 1472 1602 vallibus
1506 1568 1697 1613 editisque,
1739 1568 2036 1612 cireuuuepentes
2072 1569 2162 1611 vidi,
2203 1569 2265 1603 ubi
2290 1579 2400 1603 sexus

184 1638 341 1679 „ambo,
383 1636 536 1671 motibus
571 1637 740 1681 gravibus
775 1640 809 1669 et
841 1636 1076 1679 inhabilibus,
1117 1637 1163 1670 ad
1191 1636 1321 1669 coitum
1348 1648 1388 1669 se
1415 1636 1599 1670 stimulare
1634 1636 1834 1670 nituntur-⁶⁶.
1893 1635 1953 1670 Dr:
1980 1636 2218 1670 SCHREIBERS
2253 1637 2303 1680 (in
2328 1635 2401 1670 Na-

185 1708 289 1738 turw.
316 1704 411 1738 Anz.
448 1703 511 1737 der
537 1703 725 1746 Schweiz,
771 1703 809 1737 ll
836 1715 869 1748 p.
897 1702 958 1746 54)
994 1703 1120 1746 refert,
1155 1703 1400 1737 Salamand
1411 1715 1501 1737 ram
1542 1706 1686 1737 atram
1719 1714 1860 1747 semper
1893 1706 2029 1737 tantum
2062 1704 2201 1738 duobus
2234 1704 2402 1737 foetubus

185 1771 372 1815 gravidam
413 1782 512 1812 esse,
560 1770 695 1815 hosque
729 1771 959 1815 utplurimum
1000 1771 1037 1804 in
1070 1771 1165 1804 sicco
1200 1771 1319 1813 nasci3
1368 1770 1710 1805 Salamandram
1752 1771 2025 1804 maculosam
2061 1775 2180 1804 autem
2212 1770 2260 1805 42
2286 1770 2402 1815 pullos

183 1841 286 1882 partu
314 1838 420 1872 edere
446 1838 583 1880 solere,
627 1842 662 1871 et
688 1838 831 1883 quidem
866 1838 902 1871 in
929 1849 1040 1883 aqua,
1082 1849 1188 1882 quam
1215 1838 1264 1871 illi
1291 1841 1372 1882 post
1406 1842 1558 1882 quatuor
1592 1841 1654 1871 aut
1686 1837 1838 1882 quinque
1872 1848 2013 1871 menses
2039 1838 2247 1882 relinquant.
2300 1837 2403 1872 Idem

182 1916 322 1950 quoque
350 1914 397 1938 DE
413 1904 682 1939 TREUENSTEIN
700 1905 908 1939 observavit
935 1906 1113 1949 (conferas
1129 1905 1330 1949 Hesperum
1346 1905 1429 1938 amii
1447 1905 1543 1939 1818
1570 1904 1601 1948 I,
1629 1916 1710 1949 pag.
1727 1904 1801 1947 30).
1853 1904 1897 1938 In
1924 1905 2127 1949 captivitate
2145 1904 2403 1939 salamandrae,

182 1972 243 2005 diu
269 1972 304 2004 in
331 1983 425 2017 aqua
450 1976 671 2006 sustentatae
697 1977 796 2006 sunt:
832 1971 963 2006 CARUS
980 1972 1238 2006 Salamaudras
1255 1984 1380 2006 recens
1407 1975 1521 2014 natas,
1549 1983 1657 2016 supra
1682 1975 1754 2005 tres
1782 1972 2022 2006 hebdomades
2048 1972 2084 2005 in
2110 1983 2204 2017 aqua
2229 1973 2402 2014 viventes,

182 2039 392 2073 asservavit.
428 2038 630 2072 LACEPEDE
646 2040 767 2082 refert,
795 2039 1068 2074 Salamandram
1083 2043 1285 2073 terrestrem
1300 2051 1364 2084 per
1379 2040 1513 2083 aliquot
1528 2043 1667 2083 tempus
1682 2039 1718 2072 in
1734 2050 1827 2084 aqua
1843 2040 1974 2084 degere
1989 2051 2107 2084 posse,
2133 2040 2251 2084 ibique
2267 2040 2402 2084 epider-

180 2106 311 2139 midem
329 2117 481 2149 exuere,
515 2106 604 2140 alios
620 2106 710 2140 haec
725 2107 892 2140 animalia
907 2118 1016 2151 supra
1031 2118 1098 2141 sex
1113 2118 1254 2140 menses
1268 2107 1305 2140 in
1323 2118 1417 2151 aqua
1432 2106 1596 2140 fontinali
1614 2117 1840 2149 asservasse,
1867 2107 2032 2152 quamvis
2050 2107 2102 2141 eis
2120 2108 2256 2142 nullum
2269 2107 2405 2141 victum

179 2173 437 2217 praebuissent,
455 2176 661 2218 tantumque
678 2185 800 2207 curam
816 2174 1022 2219 gessissent,
1039 2178 1078 2207 ut
1097 2185 1190 2220 aqua
1207 2174 1352 2218 saepius
1367 2177 1613 2208 renovaretur.
1639 2173 1905 2208 BLUMENBACH
1921 2175 2163 2209 inAnatomes
2179 2178 2405 2219 comparatae

179 2241 312 2285 pagina
337 2239 412 2274 259
447 2244 586 2282 narrat,
628 2252 669 2274 sc
701 2241 835 2285 pluries
867 2241 1018 2276 feminas
1045 2241 1213 2286 gravidas
1240 2241 1558 2276 Salamandrarum
1593 2241 1630 2274 in
1655 2242 1753 2275 vasis
1780 2242 1902 2275 vitreis
1929 2243 2080 2285 aluisse,
2122 2242 2249 2276 horum
2280 2242 2400 2276 fundis

180 2319 274 2353 aqua
307 2308 592 2351 subsuperfusis,
637 2307 757 2353 ibique
783 2308 935 2342 feminas
968 2312 1092 2352 partus
1128 2309 1255 2342 enixas
1290 2320 1380 2343 esse.
1432 2308 1539 2342 FENK
1565 2309 1681 2352 pullos
1709 2312 1788 2343 octo
1816 2309 2075 2344 salamandrae
2108 2320 2172 2354 per
2204 2310 2294 2343 duos
2325 2310 2403 2344 fere

178 2386 339 2416 menses,
369 2374 510 2408 vividos
537 2378 573 2408 et
596 2374 699 2408 firma
723 2376 927 2408 valetudine
954 2376 1171 2420 gaudentes,
1205 2376 1241 2408 in
1268 2386 1361 2420 aqua
1388 2376 1615 2409 conservavit
1640 2395 1690 2400 -—
1729 2376 1822 2409 Sunt
1848 2388 1934 2410 vero
1962 2377 2068 2411 etiam
2095 2377 2154 2422 qui
2180 2381 2312 2422 negant
2338 2379 2399 2410 aut

180 2442 306 2475 saltem
333 2441 513 2483 dubitant,
541 2441 797 2475 Salamandras
824 2453 953 2487 aquam
980 2442 1127 2476 intrare:
1171 2442 1329 2476 SONMM
1363 2443 1491 2483 refert,
1518 2453 1559 2476 se
1584 2453 1649 2486 per
1674 2443 1793 2487 plures
1821 2454 1932 2477 annos
1958 2455 2041 2478 rure
2068 2445 2304 2486 habitavisse,
2339 2444 2400 2477 ubi

180 2508 440 2542 Salamandrae
468 2512 656 2542 terrestres
681 2509 992 2553 frequentissimae
1018 2509 1181 2551 fuissent,
1208 2520 1388 2554 nunquam
1415 2512 1533 2542 autem
1559 2508 1649 2543 haec
1675 2510 1861 2552 animalia,
1889 2511 2096 2555 progeniem
2123 2511 2252 2544 edendi
2277 2522 2398 2553 causa,

182 2586 313 2620 aquam
327 2575 461 2609 intrare
476 2576 621 2610 vidisse.
654 2575 875 2609 Lnnmrss
891 2576 1011 2610 itidem
1031 2580 1155 2618 assei-t,
1183 2588 1234 2619 se,
1262 2577 1343 2610 licet
1358 2576 1604 2610 Salamandris
1624 2577 1817 2611 studuisset
1831 2577 1867 2610 in
1884 2579 2068 2622 provincia
2083 2579 2144 2612 ubi
2160 2578 2249 2612 haec
2265 2578 2397 2611 anima-

180 2642 230 2676 lia
252 2642 541 2687 frequentissima
566 2643 735 2686 fuissent,
762 2654 942 2688 nunquam
965 2644 1149 2677 individua
1171 2655 1305 2686 eorum,
1332 2655 1448 2688 neque
1464 2644 1586 2677 adulta
1607 2655 1723 2689 neque
1744 2645 1902 2688 larvata,
1930 2646 1965 2679 in
1989 2657 2081 2690 aqua
2105 2649 2166 2679 aut
2187 2645 2223 2679 in
2243 2645 2322 2690 ripa
2343 2657 2397 2678 rc-

179 2709 326 2753 perisse.
351 2708 476 2743 ῊγοωἸ
492 2713 622 2752 autem,
642 2710 678 2743 in
696 2709 861 2744 STURMH
877 2710 1015 2753 Fauna,
1034 2711 1129 2753 dicit,
1150 2709 1406 2744 Salamandras
1422 2723 1508 2745 vere
1527 2711 1562 2745 in
1578 2711 1685 2754 sicco,
1705 2713 1911 2746 membrana
1925 2713 2114 2755 involutas,
2134 2713 2288 2746 nasci—
2306 2711 2398 2746 Cum

179 2779 298 2810 autem
315 2775 375 2809 alii
391 2777 654 2819 observatores,
674 2778 750 2820 jam
767 2789 876 2822 supra
891 2778 1036 2820 laudati,
1065 2778 1161 2812 haud
1175 2778 1290 2812 minus
1308 2778 1377 2812 fide
1393 2779 1509 2823 digni,
1536 2778 1626 2813 haec
1642 2778 1840 2823 amphibia,
1875 2785 2033 2824 tempore
2058 2791 2219 2814 amorum
2237 2783 2272 2813 et
2288 2780 2395 2824 paulo

179 2847 260 2877 ante
286 2847 445 2887 partum,
471 2844 507 2877 in
531 2855 624 2889 aqua
647 2844 866 2888 reperierint,
894 2856 1019 2879 recens
1043 2850 1128 2879 nata.
1149 2849 1268 2879 autem
1291 2845 1470 2879 branchiis
1489 2849 1523 2879 et
1548 2847 1663 2880 cauda
1685 2858 1908 2891 compressa,
1936 2848 1983 2881 ad
2003 2848 2197 2881 natandum
2219 2850 2318 2891 apta,
2345 2848 2397 2881 in-

180 2913 314 2944 structa
349 2911 437 2953 sint,
479 2911 615 2944 nullum
650 2912 796 2945 dubium
830 2916 902 2954 est,
943 2913 1027 2956 quin
1052 2913 1170 2946 foetus
1197 2913 1234 2945 in
1261 2923 1353 2957 aqua
1387 2914 1507 2955 nasci,
1542 2916 1724 2958 coitusque
1750 2914 1786 2947 in
1814 2925 1907 2958 aqua
1932 2915 2011 2958 ipsa
2036 2915 2207 2948 celebrari
2234 2915 2395 2948 debeant.

181 2975 278 3010 Sane
305 2981 425 3011 autem
452 2977 712 3012 Salamandrae
739 2982 874 3012 tantum
901 2991 964 3023 per
990 2980 1100 3013 breve
1126 2983 1264 3024 tempus
1291 2980 1327 3013 in
1354 2991 1446 3024 aqua
1472 2981 1624 3025 degunt,
1658 2981 1814 3025 pullique
1841 2981 1908 3025 ipsi
1933 2993 2019 3016 mox
2044 2993 2173 3027 aquam
2198 2982 2397 3026 relinquere

179 3042 362 3086 videntur,
391 3045 479 3079 alias
507 3046 602 3079 enim
627 3046 847 3090 frequentius
879 3046 916 3080 in
942 3046 1011 3080 hoc
1037 3047 1210 3080 elemento
1237 3047 1486 3091 reperirentur.
1541 3046 1632 3081 Cum
1658 3059 1764 3087 vero,
1799 3048 2055 3082 Bncnsrmmo
2084 3053 2184 3090 teste,
2211 3049 2395 3082 Salaman-

180 3110 266 3144 drae
293 3121 472 3155 nunquam
499 3124 626 3157 aquam
652 3113 867 3157 profundam
891 3113 1032 3156 intrent,
1061 3113 1158 3147 haud
1184 3125 1267 3148 raro
1295 3115 1486 3159 continget,
1513 3114 1640 3158 pullos,
1668 3116 1761 3148 forte
1787 3115 1822 3148 in
1849 3116 1984 3150 lacunis
2010 3117 2126 3149 subito
2149 3116 2235 3149 ortis
2262 3115 2395 3148 subito-

179 3188 248 3222 que
274 3177 465 3212 exsiccatis
491 3184 613 3221 natos,
647 3184 727 3223 post
753 3192 888 3224 paucos
915 3181 1009 3223 dies,
1051 3181 1137 3225 ipsis
1164 3181 1302 3223 invitis,
1339 3182 1416 3225 jam
1441 3182 1477 3215 in
1504 3181 1599 3215 sicco
1626 3182 1777 3227 relinqui
1803 3186 1839 3216 et
1864 3183 1953 3217 locis
1978 3182 2130 3216 humidis
2158 3185 2193 3216 et
2218 3181 2394 3216 umbrosis

180 3245 310 3289 degere
338 3244 430 3288 cogi.
481 3245 618 3279 Forsan
646 3247 770 3288 etiam,
798 3248 830 3280 si
855 3248 1007 3289 semina,
1041 3251 1199 3292 tempore
1226 3253 1366 3292 partus,
1404 3249 1499 3282 omni
1533 3260 1626 3292 aqua
1661 3253 1776 3291 earet,
1811 3249 1929 3284 foetus
1955 3250 1990 3282 in
2017 3249 2093 3294 ipso
2120 3249 2214 3283 sicco
2242 3250 2393 3283 eduntur

179 3322 416 3356 prospereque
442 3316 687 3354 succrescunt,
716 3314 905 3348 dummodo
933 3316 1032 3349 locus
1059 3315 1186 3349 natalis
1212 3315 1378 3349 humidus
1405 3320 1440 3349 et
1465 3317 1654 3349 umbrosus
1680 3317 1744 3359 sit3
1785 3316 1875 3350 hacc
1902 3316 2012 3357 enim,
2039 3319 2129 3350 teste
2155 3317 2390 3350 LEUCKARTO

180 3378 275 3420 (vide
310 3377 511 3413 Deutsches
545 3378 681 3412 Archiv
718 3380 776 3413 fiir
809 3381 866 3413 die
891 3380 1142 3426 Physiologic,
1184 3393 1255 3416 von
1289 3381 1324 3416 J.
1352 3382 1392 3416 F.
1420 3382 1598 3424 MECKEL,
1641 3382 1748 3417 VIII.
1774 3383 1896 3424 Band,
1940 3382 2012 3418 III.
2033 3383 2139 3428 lleft,
2180 3395 2262 3429 pag.
2287 3381 2389 3426 452),

181 3442 305 3479 Ovem.
340 3449 374 3479 et
407 3455 454 3480 DE
482 3445 720 3481 Scunnnnzns
749 3448 792 3481 de
819 3446 1057 3484 Salamaudra
1084 3449 1268 3484 maculosa
1295 3453 1329 3483 et
1356 3450 1399 3483 dc
1426 3450 1665 3484 Salamandra
1690 3453 1768 3485 atra
1794 3450 1945 3484 tradunt.
