2632 3890
288 227 352 271 46
1202 217 1581 255 BATRACHIA.

291 336 400 380 Apud
426 335 579 378 reliquos
606 335 770 366 auctores
805 331 929 366 nullibi
963 330 1118 375 speeiem
1154 328 1366 372 descriptam
1392 328 1450 362 vel
1484 328 1614 373 pictam
1646 327 1807 372 invenio,
1848 340 1954 375 quam
1990 330 2036 364 ad
2070 330 2161 364 hane
2193 333 2352 365 nostram
2377 342 2501 366 ranam

293 403 461 437 adhibere
488 400 674 442 auderem3
716 402 889 442 attamen,
928 398 1101 432 brevitate
1128 395 1232 430 nimis
1259 396 1467 430 circumcisa
1502 395 1733 440 plurimarum
1759 396 2055 441 descriptionum,
2092 401 2127 431 et
2152 397 2290 432 incuria
2315 398 2500 433 inexcusa-

294 469 356 503 bili
380 469 415 501 in
442 467 681 501 delineatione
708 467 849 501 iconum
874 466 1081 505 multarum,
1126 463 1316 508 praecipue
1343 463 1438 508 quod
1472 463 1518 497 ad
1542 462 1695 496 formam
1729 466 1764 496 et
1790 464 2055 507 proportionem
2081 465 2292 510 digitorum,
2339 476 2407 500 nec
2431 477 2502 500 non

292 534 526 569 mutabilitate
553 534 711 568 colorum
736 534 863 568 horum
889 530 1093 565 animalium
1118 533 1199 575 post
1223 534 1391 573 mortem,
1426 530 1552 564 forsan
1577 528 1682 564 Rana
1707 530 1852 575 gracilis
1877 531 1944 565 sub
1978 533 2049 566 alia
2076 533 2229 578 quadam
2254 533 2391 578 speeie,
2427 533 2503 577 jam

292 602 406 645 edita,
452 602 563 635 latere
589 605 721 645 posset.

443 667 544 702 Haec
571 668 707 712 species
742 671 776 700 et
808 665 1023 700 antecedens
1058 665 1214 699 medium
1240 668 1360 699 tenent
1393 665 1484 699 inter
1516 664 1630 709 Hylas
1667 668 1703 699 et
1735 664 1877 707 nanas,
1925 665 2056 710 aliique
2091 671 2256 702 auctores
2291 679 2354 702 eas
2379 668 2504 702 forsan

292 735 396 780 Hylis
423 735 687 777 consociarent3
729 733 856 767 saltem
890 732 1036 777 Hylae
1069 733 1243 778 quaedam
1276 731 1492 776 spis-ianae,
1537 744 1571 766 v.
1599 744 1628 766 c.
1663 732 1899 774 ranoides,
1942 733 2197 778 trivittata,
2241 735 2502 781 nigerrima,

291 803 327 837 in
353 803 483 837 tabulis
509 801 564 836 VI
581 805 615 835 et
631 800 689 834 IX
715 801 848 845 pictae,
877 800 996 846 digitis
1022 800 1242 845 longioribus
1271 803 1305 833 et
1325 800 1572 844 gracilioribus
1598 811 1703 844 quam
1729 800 1819 833 istae
1847 800 1939 833 duae
1954 798 2081 835 Ranae
2108 803 2327 846 gaudent—
2353 803 2501 837 Fl‘rZIN-

291 880 365 904 GER
391 869 561 904 Ranam
596 868 834 913 gracilem,
871 868 1033 913 quamvis
1060 879 1122 902 ore
1149 868 1314 901 edentulo
1342 868 1403 909 sit,
1448 868 1525 902 sine
1560 867 1667 902 dubio
1695 868 1740 901 ad
1767 878 1880 913 genus
1914 867 2359 914 Leptodactylorum
2391 871 2500 905 rescr-

288 941 363 979 ret,
406 936 628 970 lineatam
664 939 784 970 autem
808 936 931 971 forsan
967 936 1012 970 ad
1038 946 1150 981 genus
1178 934 1468 979 Hylodarum.
