2534 3890
307 1012 562 1078 Lustratione
588 1041 786 1087 specierum
813 1041 1087 1076 Rati-achiorum
1113 1040 1233 1077 Musei
1259 1040 1371 1076 nostri
1397 1041 1578 1084 absoluta,
1612 1041 1717 1076 liceat
1742 1040 1846 1084 mihi,
1882 1042 2169 1088 observationes,
2207 1045 2242 1080 in
2269 1057 2368 1081 exa-

159 1114 277 1149 mine
314 1112 573 1148 anatomico
607 1110 803 1155 plurium
831 1110 1236 1144 Salamandrarum
1270 1113 1312 1143 et
1337 1109 1591 1154 Molgarum
1617 1109 1808 1153 institutas,
1835 1111 2008 1154 proferre.
2061 1112 2236 1149 Quamvis
2264 1114 2368 1157 enim,

159 1182 376 1226 temporibus
403 1184 475 1214 tam
509 1178 759 1213 remotioribus
795 1188 901 1222 quam
927 1176 1198 1219 recentissimis,
1240 1177 1469 1221 indagatores
1497 1176 1592 1210 haud
1625 1177 1748 1221 pauci,
1790 1180 1825 1211 et
1852 1177 1942 1210 inter
1969 1189 2031 1212 eos
2057 1179 2125 1212 viri
2153 1180 2186 1212 in
2214 1184 2288 1214 arte
2315 1193 2370 1215 se-

158 1249 263 1283 candi
290 1252 325 1282 et
356 1247 502 1282 videndi
534 1244 736 1290 peritissimi
770 1248 805 1278 et
838 1243 1080 1289 sagacissimi,
1122 1244 1167 1277 de
1201 1244 1412 1287 explicanda
1452 1247 1630 1277 structura
1670 1243 1808 1277 interna
1841 1244 1967 1278 horum
2002 1245 2207 1280 animalium
2241 1248 2371 1292 optime

158 1315 370 1357 meruerint,
408 1319 562 1348 attamen
589 1312 753 1346 existimo
762 1336 772 1354 ,
807 1323 905 1345 meas
932 1322 1071 1356 quoque
1098 1310 1390 1355 investigationes
1417 1311 1596 1354 symbolas
1624 1311 1878 1355 aliquantulas,
1911 1311 2007 1345 haud
2034 1313 2175 1347 omnino
2203 1314 2372 1358 ingratas,

159 1384 205 1417 ad
231 1382 469 1428 cognitionem
495 1382 695 1414 structurae
722 1379 899 1420 internae,
942 1377 1152 1423 praesertim
1185 1377 1336 1421 partium
1364 1377 1583 1419 sexualium,
1631 1382 1666 1411 et
1693 1378 1906 1412 evolationis
1933 1380 2111 1422 foetuum,
2154 1381 2375 1416 exhibituras

158 1451 237 1484 fore
263 1470 311 1475 —
345 1448 501 1494 Egregie
529 1451 564 1481 et
589 1446 766 1481 uberrime
793 1446 837 1480 dc
864 1446 1023 1490 partibus
1058 1445 1265 1479 sexualibus
1301 1456 1492 1489 earumque
1530 1445 1733 1479 evolutione
1760 1446 1927 1479 disseruit
1952 1444 2114 1480 RATuKE
2141 1447 2177 1481 in
2201 1449 2374 1484 fasciculo

156 1519 272 1563 primo
300 1520 335 1551 et
360 1520 485 1563 quarto
512 1514 621 1550 Tomi
647 1513 751 1559 primi
777 1513 1000 1558 Scriptorum
1031 1512 1307 1547 novissimorum
1333 1510 1494 1547 Naturae
1520 1512 1743 1546 curiosorum
1771 1508 2049 1548 Gedanensiuxn.

764 1664 795 1699 Ι.
872 1661 1202 1698 PARTES
1268 1661 1723 1698 INTERNAE.

313 1750 646 1785 salamandrae
672 1748 935 1782 maculosae
961 1759 1079 1781 mare
1106 1747 1386 1791 feminaque,
1425 1751 1460 1781 et
1492 1746 1672 1792 Molges
1699 1747 1936 1781 taeniatae
1970 1759 2091 1782 mare
2117 1748 2212 1783 infra
2237 1761 2301 1794 per
2327 1755 2378 1784 to-

162 1824 234 1854 tam
261 1819 535 1863 longitudinem,
589 1828 611 1850 a
638 1816 723 1860 gula
749 1816 794 1849 ad
822 1827 929 1848 anum
961 1826 1075 1859 usque
1112 1815 1251 1857 incisis,
1296 1818 1415 1858 partes
1442 1815 1602 1848 internae
1638 1815 1708 1848 situ
1734 1815 1889 1848 naturali
1921 1816 2231 1859 conspiciebantur
2256 1818 2380 1862 quales

161 1888 231 1921 tab.
249 1886 369 1927 XIII,
406 1886 464 1929 fig.
481 1885 518 1927 I,
556 1885 626 1918 tab.
645 1882 755 1924 XVI,
790 1882 848 1926 fig.
866 1882 905 1924 l,
941 1886 975 1915 et
1001 1883 1072 1915 tab.
1093 1881 1224 1924 XVII,
1253 1881 1311 1926 fig.
1329 1881 1385 1915 IV
1413 1881 1626 1915 exhibentur
1651 1902 1699 1906 —
1734 1880 1822 1915 Cor
1850 1881 1913 1925 (1.)
1941 1884 2379 1928 saturate-sanguineum‚

161 1955 367 1999 peritonaeo
394 1953 695 1996 nigro-punctato
723 1960 746 1982 a
777 1949 921 1993 reliquis
957 1949 1154 1982 visceribus
1182 1949 1399 1991 sejunctum,
1442 1948 1475 1980 in
1505 1948 1743 1982 Salamandra.
1776 1949 1960 1982 maculosa
1987 1954 2067 1993 post
2101 1951 2235 1995 aliquot
2260 1951 2379 1993 horas,

159 2021 358 2055 visceribus
384 2019 530 2063 reliquis
558 2018 720 2051 omnibus
758 2016 934 2057 diremtis,
973 2016 1088 2049 adhuc
1115 2020 1212 2049 motu
1240 2015 1450 2048 convulsivo
1479 2015 1648 2048 ciebatur.
1701 2013 1793 2048 Post
1819 2027 1897 2058 cor,
1924 2016 2016 2049 inter
2041 2017 2196 2061 reliquas
2223 2019 2381 2062 corporis

161 2092 300 2133 partes,
337 2087 452 2121 cauda
478 2097 541 2130 per
566 2084 812 2129 longissimum
838 2086 977 2126 tempus
1003 2086 1119 2116 motus
1147 2084 1339 2116 exercebat
1363 2102 1412 2106 —
1456 2082 1492 2116 ΙΙ
1501 2094 1520 2115 e
1529 2093 1608 2126 par
1637 2082 1700 2125 (2.)
1729 2083 1850 2116 colore
1877 2083 2040 2127 hepatico
2067 2084 2103 2117 in
2132 2084 2381 2129 Salamandra,

162 2157 282 2190 colore
309 2155 451 2188 cinereo
486 2153 837 2197 nigro-marmorato
873 2150 907 2183 in
935 2149 1076 2193 Molge,
1118 2149 1362 2193 magnitudine
1396 2148 1548 2193 insigni,
1594 2149 1919 2192 subtrilobum3
1967 2150 2050 2184 lobo
2087 2152 2243 2185 maximo
2271 2156 2382 2187 totam

162 2227 298 2268 partem
326 2223 489 2255 dextram
515 2219 652 2264 hepatis
680 2219 954 2262 complectente,
1000 2220 1100 2261 parte
1127 2216 1270 2249 sinistra
1298 2216 1427 2250 biloba.
1490 2215 1565 2249 Sed
1590 2215 1680 2249 haec
1707 2215 1846 2259 hepatis
1871 2217 1988 2250 forma
2014 2217 2049 2250 in
2077 2217 2228 2253 diversis
2255 2220 2381 2254 indivi-

161 2291 240 2323 duis
269 2290 375 2323 etiam
402 2289 546 2322 diversa.
572 2290 645 2328 est,
687 2297 769 2318 nam
806 2285 841 2318 in
867 2285 1006 2318 duobus
1042 2284 1121 2316 aliis
1156 2284 1229 2316 lobi
1256 2283 1360 2316 aliter
1392 2283 1536 2317 formati
1563 2287 1663 2316 erant
1698 2283 1793 2326 (vide
1829 2284 1898 2317 tab.
1916 2283 2034 2327 XIII,
2073 2285 2130 2329 fig.
2151 2285 2210 2328 lI,
2237 2286 2316 2329 IlI,
2345 2291 2380 2321 et

161 2358 231 2391 tab.
249 2356 363 2397 XVI,
391 2356 449 2400 fig.
469 2355 513 2398 Ι).
567 2353 774 2387 Secundum
799 2351 1066 2386 Pfflumumuu
1095 2354 1130 2384 et
1156 2350 1358 2384 CUVOERUM
1386 2350 1498 2394 hepar
1531 2350 1764 2383 unilobum
1799 2354 1871 2393 est3
1915 2360 1965 2384 DU
1994 2351 2075 2385 FAv
2103 2357 2138 2386 et
2165 2351 2293 2387 CAaUs
2321 2354 2382 2387 he-

160 2436 226 2469 par
252 2424 455 2458 bilobum
482 2421 697 2461 describunt,
715 2419 934 2452 usum-*mm
963 2418 1192 2459 trilobum,
1220 2417 1442 2451 JACOBAEUS
1469 2417 1799 2461 quadrilobum.
1828 2416 2045 2460 Tab.XIII,
2064 2419 2173 2463 flg.lI
2198 2421 2312 2454 facies
2330 2425 2384 2455 est

167 2495 317 2526 externa
332 2502 395 2524 seu
413 2489 650 2523 abdominalis
667 2487 816 2531 hepatis,
844 2485 961 2530 figIII
979 2485 1118 2518 interna
1133 2496 1198 2518 seu
1216 2484 1388 2527 dorsalis3
1415 2496 1436 2517 c·
1451 2484 1567 2517 locum
1586 2484 1769 2528 designat,
1796 2484 1857 2518 ubi
1879 2485 1991 2528 hepar
2007 2497 2085 2519 cum
2107 2488 2303 2521 ventriculo
2324 2500 2382 2522 co—

160 2559 327 2593 haerebat
341 2569 350 2601 3
377 2558 413 2590 in
428 2557 524 2590 linea
539 2554 620 2588 d—
633 2566 652 2588 c
668 2554 804 2598 figurae
815 2553 855 2586 II
872 2553 1116 2597 peritonaeum
1131 2564 1212 2585 cum
1229 2552 1357 2595 hepate
1375 2556 1565 2584 connatum
1582 2554 1676 2593 erat,
1713 2562 1776 2584 seu
1786 2576 1795 2593 ,
1831 2553 2025 2585 secundum
2042 2552 2223 2588 Fulx'KlUM
2235 2580 2244 2597 ,
2273 2555 2384 2599 hepar

160 2626 352 2670 ligamento
371 2622 600 2667 suspensorio
616 2620 882 2665 longitudinali,
900 2630 947 2652 ex
963 2619 1140 2662 duplicato
1157 2619 1364 2662 peritonaeo
1381 2619 1548 2659 formato,
1566 2618 1763 2652 tenebatur.
1791 2617 1892 2652 Vasa
1907 2620 2115 2664 sanguifera
2132 2632 2263 2666 magna
2278 2622 2312 2655 in
2329 2623 2381 2656 fa-

161 2693 214 2727 eie
231 2693 369 2725 interna
383 2690 522 2734 hepatis
541 2688 761 2722 distinctiora
776 2695 858 2720 sunt
875 2697 980 2731 quam
997 2685 1032 2718 in
1049 2689 1198 2718 externa
1212 2706 1259 2709 —
1282 2684 1503 2718 vesicula
1528 2685 1675 2718 fellea
1696 2685 1822 2729 nigro·
1834 2687 2003 2720 coerulea
2018 2688 2126 2721 faciei
2146 2688 2303 2722 internae
2321 2689 2380 2722 he-

159 2760 264 2805 patis,
293 2762 374 2792 ante
390 2757 587 2802 marginem
602 2755 807 2788 inferiorem
824 2753 913 2796 ejus,
942 2752 1124 2794 adhaeret,
1153 2753 1222 2785 tab.
1235 2751 1347 2793 XIII,
1368 2751 1484 2796 fig.I.,
1502 2763 1544 2784 eo
1562 2752 1653 2794 loco,
1673 2752 1733 2796 qui
1749 2752 1874 2785 literae
1891 2764 1911 2786 e
1925 2753 2031 2786 faciei
2050 2758 2219 2788 externae
2234 2767 2381 2799 respon-

160 2828 230 2869 det,
259 2827 322 2860 sed
349 2825 488 2869 penitus
509 2823 737 2865 abscondita3
764 2822 799 2854 in
827 2821 904 2854 aliis
922 2819 1114 2853 individuis
1142 2823 1260 2852 autem
1288 2820 1381 2852 ultra
1407 2818 1602 2862 111argine1n
1629 2820 1872 2862 propendebat
1900 2820 1984 2862 (tab.
2004 2819 2116 2862 XIII,
2144 2821 2201 2866 fig.
2219 2821 2270 2864 II,
2304 2822 2378 2865 III,

159 2895 230 2927 tab.
240 2892 344 2935 XVI,
362 2892 410 2937 fig
419 2892 450 2933 I,
471 2891 516 2925 ad
533 2892 583 2933 a).
612 2889 705 2924 Tab.
716 2888 827 2930 XIII,
845 2888 903 2932 fig.
915 2887 976 2921 111
993 2886 1138 2920 exhibet
1156 2885 1248 2920 hanc
1263 2886 1457 2920 vesiculam
1474 2896 1537 2929 pro
1556 2889 1656 2929 parte
1675 2896 1696 2918 a
1712 2886 1794 2919 lobo
1811 2887 1984 2930 peculiari
2003 2883 2152 2930 (b—b)‚
2174 2888 2271 2922 haud
2287 2901 2381 2923 mar-

162 2961 283 3006 ginali,
311 2960 375 2993 sed
402 2970 422 2992 e
449 2957 647 2992 substantia
661 2956 778 2990 media
793 2955 867 2989 lobi
886 2954 1003 2988 dextri
1019 2954 1158 2997 hepatis
1177 2957 1266 2995 orto,
1295 2956 1435 2986 tectam.
1470 2952 1588 2986 Etiam
1603 2953 1730 2997 reliqui
1750 2956 1914 2986 auctores
1932 2953 1975 2986 de
1990 2954 2059 2986 situ
2076 2954 2184 2998 hujus
2202 2956 2382 2990 vesiculae

159 3028 257 3062 haud
280 3029 542 3071 congruunt—
576 3024 652 3057 Sub
679 3023 809 3067 hepate
836 3020 1126 3056 ventriculus
1153 3021 1242 3053 situs
1266 3023 1320 3052 est
1341 3019 1438 3062 (vide
1463 3019 1532 3053 tab.
1549 3018 1662 3061 XIII,
1689 3019 1747 3063 fig.
1764 3019 1783 3053 I
1809 3023 1844 3052 et
1871 3021 1940 3053 tab.
1957 3019 2070 3062 XVI,
2105 3021 2163 3066 fig.
2182 3021 2219 3064 I,
2257 3024 2304 3056 ad
2332 3024 2380 3065 3),

158 3096 328 3129 Formam
354 3098 389 3127 et
415 3093 521 3127 situm
549 3091 625 3134 ejus
654 3090 797 3124 tabulae
814 3088 919 3130 XIV,
946 3088 1062 3132 figura
1079 3087 1110 3129 I,
1137 3088 1199 3120 ubi
1213 3087 1324 3130 hepar
1340 3089 1514 3119 remotum
1541 3089 1605 3127 est,
1634 3090 1761 3119 exacte
1780 3086 1935 3120 exhibet.
1987 3087 2134 3121 Interne
2163 3090 2248 3132 (tab.
2269 3089 2379 3132 XIII,

160 3163 219 3206 fig.
236 3161 291 3196 lv
318 3173 406 3195 (ι--
424 3157 458 3202 b)
495 3160 594 3203 rugis
627 3158 799 3202 plicisque
832 3155 1147 3200 longitudinalibus
1174 3154 1365 3188 instructus
1394 3157 1465 3194 est,
1508 3164 1599 3197 quae
1633 3153 1670 3185 in
1695 3153 1838 3186 faucem
1865 3155 1915 3196 (e)
1952 3157 2149 3189 ascendunt
2175 3156 2291 3200 ibique
2318 3157 2382 3190 fin-

161 3229 290 3263 duntur
317 3228 567 3271 tenuioresque
594 3225 808 3264 redduntur,
837 3223 963 3256 deinde
990 3223 1055 3255 sub
1083 3222 1202 3265 specie
1228 3221 1401 3254 linearum
1429 3219 1649 3253 elevatarum
1676 3220 1861 3264 gracilium
1887 3232 2000 3266 usque
2027 3221 2063 3255 in
2090 3223 2280 3256 cavitatem
2308 3223 2382 3257 oris

160 3296 399 3330 extenduntur
427 3291 597 3338 (cl—cl).
658 3291 715 3325 De.
743 3290 797 3324 his
832 3289 930 3333 rugis
967 3289 1134 3322 conferas
1164 3287 1325 3322 CUVIERl
1352 3287 1433 3321 Vol.
1458 3286 1540 3328 ΙΙΙ,
1577 3297 1658 3330 pag.
1674 3286 1767 3328 416,
1802 3286 1971 3321 ZlNMUM
2006 3288 2042 3321 in
2068 3288 2295 3332 Ephenierid.
2331 3290 2379 3324 lit.

163 3361 337 3406 Gotting,
366 3362 449 3394 anni
468 3359 576 3402 1757,
605 3370 685 3404 pag.
705 3358 821 3400 12023
854 3356 980 3398 FUNK,
1009 3356 1044 3388 in
1071 3356 1141 3389 tab.
1159 3356 1200 3397 2,
1235 3355 1293 3399 fig.
1312 3354 1346 3395 9,
1374 3353 1563 3387 cavitatem
1590 3353 1778 3387 ventriculi
1805 3355 1941 3397 levem,
1969 3356 2103 3399 absque
2132 3355 2295 3389 omnibus
2323 3368 2381 3390 ru-

160 3430 228 3475 gis,
257 3428 427 3462 exhibuit.
479 3427 722 3466 Ventriculus,
751 3428 785 3457 et
812 3434 934 3456 omnes
961 3426 1080 3466 partes
1108 3422 1279 3463 internae,
1307 3432 1417 3465 prave
1444 3424 1526 3453 sunt
1543 3420 1722 3470 exhibitae
1744 3421 1778 3453 in
1807 3421 1967 3454 iconibus
1982 3421 2180 3455 JACOBAEI.
2238 3422 2381 3456 IVURF.

161 3506 260 3538 BAlN,
288 3495 347 3540 qui
373 3495 438 3528 has
465 3493 585 3528 icones
611 3492 763 3537 repetiit,
792 3491 935 3534 insuper
951 3489 1111 3522 inversas
1139 3500 1200 3522 eas
1227 3487 1508 3532 repraesentavit
1535 3490 1569 3520 et
1584 3487 1720 3520 litteras
1747 3488 1919 3531 quasdam
1946 3489 2189 3530 commutavit,
2218 3489 2253 3522 in
2282 3494 2382 3524 textu

161 3564 238 3608 ipso
267 3566 441 3604 attamen,
482 3562 558 3595 fere
585 3562 801 3594 verbotenus
836 3569 855 3590 e
889 3559 1040 3590 tractatu
1066 3555 1253 3589 JACOBAEI
1289 3557 1476 3598 excerpto,
1518 3553 1643 3588 litteris
1676 3554 1925 3598 designatoriis
1959 3553 2069 3597 hujus
2103 3556 2260 3590 auctoris
2294 3568 2382 3591 usus

230 3628 319 3654 GaAv
325 3634 464 3659 emmas-r
499 3624 647 3660 Reptilia.
1733 3619 1783 3655 24
