2632 3890
1098 231 1163 267 1v.
1205 231 1499 267 s'ronnns
2268 239 2332 282 49

119 343 312 377 dorsata
346 346 381 375 et
414 341 546 383 Bona,
587 339 733 384 reliquis
769 339 862 373 notis
889 340 1158 382 essentialibus,
1201 342 1325 385 quales
1359 346 1440 376 sunt
1475 342 1593 376 forma
1627 342 1769 387 capitis,
1812 347 1993 390 proportio
2028 347 2188 391 corporis
2215 353 2250 381 et
2277 361 2334 392 pe-

121 411 222 452 dum,
251 410 342 443 cutis
369 419 582 450 verrucosa,
618 418 698 440 cum
724 418 804 441 meo
831 408 969 441 stombo
997 412 1213 452 congruant,
1252 420 1323 441 non
1349 409 1501 452 haereo,
1534 409 1617 454 quin
1644 411 1767 443 ambas
1794 411 1872 446 illas
1899 414 2035 456 species
2053 413 2230 459 Principis
2257 427 2335 449 cum

119 487 201 511 mea
227 477 273 510 ad
299 488 408 511 unum
435 474 598 519 idemque
632 485 745 518 genus
780 474 951 518 redigam.
1018 474 1063 508 In
1096 475 1198 508 icone
1233 476 1468 518 dorsatae,
1512 488 1533 510 a
1566 475 1732 521 Principe
1766 477 1801 510 in
1836 479 2008 513 fasciculo
2036 480 2072 514 X
2106 481 2255 515 Iconum
2290 484 2336 517 ad

121 543 215 578 Hist.
242 548 314 578 nat.
341 543 519 577 Brasiliae
546 541 660 584 edita,
704 544 909 585 tympanum
943 542 1145 574 distinctum
1178 542 1419 585 desideratum
1460 544 1495 576 in
1530 544 1642 577 altera
1677 544 1779 577 icone
1814 545 1973 587 ejusdem
2009 548 2170 581 animalis
2207 553 2336 591 autem,

119 621 224 654 quam
249 610 443 644 fasciculus
461 608 520 642 XI
547 608 712 651 exhibet,
740 620 806 642 nec
831 619 903 641 non
930 608 965 640 in
992 611 1113 641 nostro
1150 609 1365 652 specimine,
1400 613 1603 653 tympanum
1631 615 1685 645 est
1711 611 1920 645 distinctius.
1965 611 2078 657 Digiti
2105 626 2227 649 omnes
2253 618 2334 651 sub-

122 681 179 711 tus
207 678 252 711 ad
273 678 460 720 juncturas
487 675 717 709 articulorum
746 675 935 719 digitorum
961 686 1114 708 verruca
1141 676 1301 709 instructi
1328 680 1429 718 sunt3
1463 687 1657 721 permagna
1684 689 1825 719 earum,
1854 690 1918 712 seu
1942 680 2073 722 callus,
2109 682 2153 714 ad
2180 684 2334 717 radicem

120 745 258 788 pollicis
285 744 413 788 pedum
450 743 668 786 posticorum
695 742 842 786 insignis
878 745 941 775 est.
1009 741 1079 776 Hic
1113 743 1225 776 callus
1258 743 1458 785 solitarius,
1501 747 1536 776 et
1570 745 1730 778 desectus
1763 746 1982 789 parotidum,
2025 751 2165 781 nostras
2198 752 2335 793 speeies

121 812 262 855 quidem
291 823 312 844 a
337 810 530 844 husonibus
556 813 761 851 removeam
794 810 859 842 sed
885 809 980 842 ranis
1007 820 1164 853 quoque,
1200 811 1410 855 quibuscum
1437 810 1498 843 alii
1525 821 1602 843 eam
1637 813 1948 856 consociaverant,
1989 813 2084 847 haud
2111 815 2335 851 adnumerari

122 881 287 922 possunt,
321 877 488 922 quoniam
515 888 645 920 corpus
672 887 831 910 crassum
859 877 986 919 breve,
1028 878 1189 910 verrucis
1225 879 1409 920 scabrum,
1449 888 1516 910 nec
1549 888 1620 910 non
1647 879 1757 920 pedes
1783 881 1909 922 postici
1935 881 2138 924 breviores,
2178 883 2241 916 vix
2267 885 2334 917 sal-

121 945 258 986 tatorii,
297 944 467 988 digitique
494 945 642 984 breves,
684 943 781 976 ranis
807 942 903 976 haud
930 944 1156 986 respondent.
1210 942 1353 988 Optime
1380 955 1465 978 sane
1502 944 1571 977 hae
1598 945 1755 988 species,
1790 946 1820 979 si
1853 959 1965 991 genus
1991 949 2170 992 peculiare
2197 950 2249 985 eis
2275 963 2335 984 ne-

121 1014 284 1056 garetur,
312 1021 393 1044 cum
413 1009 716 1043 bombinatoribus
738 1010 944 1053 jungendae
972 1014 1109 1052 essentg
1142 1012 1204 1044 sed
1232 1012 1378 1044 maxilla
1404 1012 1566 1055 superior
1593 1012 1809 1045 denticulata
1835 1017 1905 1055 est,
1933 1015 2118 1049 denticulis
2144 1017 2333 1052 minutissi-

119 1078 204 1120 mis,
239 1078 274 1110 in
301 1077 430 1110 seriem
457 1076 774 1118 semicircularem,
810 1076 963 1120 margini
988 1078 1156 1110 maxillae
1182 1079 1409 1121 parallelam,
1449 1079 1639 1122 dispositis.
1692 1077 1844 1112 Maxilla
1869 1080 2035 1123 inferior,
2071 1094 2216 1126 prorsus
2242 1085 2333 1119 iner-

120 1145 205 1186 mis,
242 1144 357 1178 antice
383 1144 510 1177 leviter
536 1143 649 1177 incisa
675 1147 739 1177 est.
792 1142 908 1177 Nares
935 1142 970 1176 in
996 1144 1116 1188 palato
1143 1145 1260 1179 medio
1287 1146 1358 1178 late
1386 1146 1493 1178 hiant.
1546 1145 1688 1190 Lingua
1710 1147 1848 1190 papillis
1874 1148 2017 1181 minutis
2044 1150 2241 1184 scabricula
2267 1156 2331 1186 est.

761 1536 802 1578 1.
892 1536 1014 1579 ST.
1087 1536 1693 1582 DORSATUS.

293 1669 493 1719 Palpebrae
519 1682 687 1719 superne
712 1669 908 1711 laevibus,·
949 1669 1063 1705 dorso
1089 1668 1406 1713 subbiear1‘mcto;
1448 1672 1597 1707 earini-s>
1622 1673 1694 1707 mle·
1718 1672 1927 1718 ‹lisam-tis,
1972 1676 2156 1719 curvatis,

1007 1738 1156 1785 passim
1197 1738 1435 1786 interrupte&

263 1881 432 1916 Truncus
459 1880 484 1915 4
505 1881 653 1926 pollices
680 1885 715 1915 et
743 1879 764 1915 5
787 1880 901 1915 lineas
927 1880 1056 1925 longus
1084 1885 1155 1924 est3
1197 1885 1320 1926 caput,
1355 1881 1448 1916 inter
1473 1881 1624 1927 angulos
1649 1882 1778 1926 rictus,
1813 1884 1836 1919 2
1860 1884 2008 1929 pollices
2036 1889 2071 1919 et
2097 1883 2119 1919 5
2143 1885 2256 1920 lineas
2281 1886 2332 1920 la-

114 1953 206 1993 tum3
233 1952 363 1993 pedum
389 1949 587 1983 anticorum
613 1948 798 1983 brachium
825 1949 873 1982 10
894 1948 1008 1982 lineas
1034 1948 1181 1993 longum
1207 1952 1281 1991 est,
1321 1950 1407 1982 ulna
1434 1948 1482 1983 14
1506 1950 1639 1992 lineas,
1683 1952 1819 1994 palma,
1860 1963 1973 1996 usque
1999 1953 2045 1986 ad
2071 1953 2208 1997 apicem
2233 1953 2333 1998 digiti

114 2017 331 2061 longissimi,
375 2015 581 2059 141ineas3
624 2017 754 2060 pedum
780 2015 998 2061 posticorum
1031 2016 1167 2058 femur,
1208 2027 1230 2049 a
1257 2027 1351 2060 genu
1387 2017 1432 2050 ad
1467 2028 1573 2051 anum
1606 2029 1738 2062 usque,
1782 2019 1828 2052 17
1853 2019 1986 2061 lineas,
2024 2020 2110 2053 tibia
2138 2019 2185 2054 17
2208 2020 2332 2063 lineas,

112 2088 251 2126 tarsus,
286 2095 399 2128 usque
427 2085 473 2117 ad
499 2083 602 2118 basin
628 2084 776 2117 liberam
804 2077 904 2127 digiti
937 2082 1154 2127 longissimi,
1190 2083 1238 2117 10
1262 2084 1375 2117 lineas
1402 2105 1450 2109 —
1493 2083 1640 2128 Caput
1675 2085 1813 2119 inferne
1846 2086 1950 2120 laeve
1977 2087 2332 2132 obsolete-granulo-

112 2163 211 2193 sum,
248 2151 294 2184 ad
319 2152 451 2193 latera,
485 2152 651 2195 utrinque
678 2151 768 2184 inter
795 2150 937 2183 oculum
964 2153 999 2182 et
1023 2150 1160 2193 apicem
1187 2151 1330 2194 capitis,
1358 2151 1518 2195 granulis
1544 2152 1739 2185 minoribus
1765 2153 2030 2198 majoribusque
2056 2155 2240 2195 scabrum,
2275 2165 2332 2188 su-

111 2229 221 2263 perne
248 2221 367 2252 autem
396 2222 431 2252 et
457 2222 539 2252 ante
573 2222 779 2262 tympanum
806 2218 928 2258 laeve,
973 2217 1131 2261 granulis
1165 2217 1344 2250 nonnullis
1379 2218 1617 2252 subobsolctis
1651 2219 1804 2262 sparsis,
1849 2230 1997 2264 quarum
2033 2221 2207 2265 quaedam
2241 2221 2333 2255 inter

111 2285 234 2320 oculos
253 2285 384 2319 lineam
410 2289 594 2319 arcuatam
620 2285 898 2318 transversalem
918 2284 1068 2328 nigram,
1097 2285 1272 2328 quaedam
1299 2285 1415 2318 antice
1441 2285 1476 2317 in
1503 2286 1619 2318 medio
1648 2286 1772 2330 eapitis
1790 2287 1922 2320 lineam
1948 2287 2241 2332 longitudinalem
2268 2289 2328 2322 ab·

108 2352 325 2394 breviatam,
360 2352 457 2386 haud
484 2364 571 2386 vero
606 2352 819 2393 coloratam,
858 2351 1046 2393 exhibent3
1087 2362 1259 2394 processu
1292 2352 1543 2396 palpebrarum
1577 2353 1671 2386 laevi
1706 2354 1987 2397 subgranuloso,
2022 2355 2117 2387 linea
2142 2354 2331 2399 longitudi-

109 2420 183 2453 nali
208 2420 534 2463 subcanaliculat03
577 2423 745 2463 tympano
780 2418 944 2452 distincto
981 2419 1254 2452 suborbiculari.
1316 2418 1525 2452 Truncus
1559 2420 1667 2453 dorso
1702 2421 1817 2453 antice
1852 2421 1966 2463 laevi,
2010 2421 2158 2455 maculis
2192 2422 2331 2456 duabus

108 2487 312 2521 verrucosis
338 2487 449 2531 nigris
477 2486 764 2528 albo-limbatis,
799 2489 926 2519 exacte
952 2485 1004 2519 uti
1030 2485 1065 2518 in
1093 2484 1212 2519 Princ.
1241 2495 1289 2518 DE
1316 2485 1433 2519 XVIED
1460 2487 1549 2520 fasc.
1574 2486 1650 2528 XI,
1687 2488 1758 2521 tab.
1782 2487 1820 2529 1,
1847 2488 1905 2532 fig.
1928 2489 1967 2530 1,
2004 2488 2152 2522 maculis
2179 2488 2249 2522 illis
2277 2492 2328 2522 ta-

109 2565 192 2587 men
218 2554 315 2588 haud
341 2554 518 2598 contiguis
553 2554 617 2587 sed
644 2553 762 2586 medio
801 2553 1005 2596 disjunctis,
1050 2553 1211 2586 verrucis
1245 2554 1423 2587 nonnullis
1456 2554 1506 2586 ita
1538 2554 1701 2587 formatis
1736 2558 1770 2587 et
1805 2555 1985 2598 dispositis
2018 2559 2057 2588 ut
2090 2555 2329 2590 rudimentum

109 2621 210 2665 quasi
237 2621 431 2654 exhibeant
457 2621 659 2654 carinarum
693 2621 862 2661 duarum,
908 2620 1035 2653 eodem
1067 2620 1173 2653 modo
1210 2624 1437 2653 arcuatarum
1464 2632 1505 2653 ac
1540 2621 1576 2653 in
1604 2620 1657 2654 St.
1681 2621 1794 2656 BOJEI
1822 2626 2012 2666 sequente,
2054 2622 2184 2656 carinis
2211 2627 2329 2656 autem

109 2698 218 2731 saepe
245 2687 460 2731 interruptis.
513 2686 660 2721 Postica
686 2698 769 2730 pars
804 2686 901 2719 dorsi
935 2690 970 2719 et
996 2687 1109 2719 latera
1143 2686 1258 2719 trunci
1292 2698 1487 2720 verrucosa
1514 2691 1614 2729 sunt,
1650 2689 1810 2722 verrucis
1844 2690 2039 2732 majoribus
2065 2689 2329 2733 minoribusque

109 2754 341 2796 intermixtis,
378 2765 529 2798 quarum
554 2754 710 2797 majores
739 2753 803 2796 (uti
830 2754 991 2786 dorsales
1014 2753 1090 2796 jam
1117 2753 1331 2797 descriptae)
1367 2754 1400 2786 in
1427 2755 1586 2787 maculas
1620 2755 1775 2797 majores
1802 2756 1969 2789 laterales
2005 2757 2224 2798 (conseratur
2250 2756 2329 2789 icon

103 2822 181 2865 jam
206 2822 366 2863 laudata)
394 2822 583 2865 pluresque
610 2821 767 2854 minores
795 2821 979 2864 elongatus
1014 2820 1187 2863 posticas,
1225 2821 1365 2864 nigras,
1403 2821 1699 2864 albo-limbatas,
1742 2827 1981 2867 congregatae
2013 2826 2105 2856 sunt.
2158 2821 2327 2856 Pectus

109 2892 144 2922 et
171 2888 391 2922 abdomen
424 2889 817 2932 coriaceo-granulosa
843 2891 942 2929 sunt,
980 2887 1139 2931 granulis
1167 2888 1345 2931 depressis
1372 2888 1560 2930 consertis,
1597 2889 1762 2922 maximis
1790 2901 1913 2922 eorum
1940 2889 2030 2922 inter
2056 2890 2164 2932 pedes
2191 2889 2327 2922 anticos

106 2955 194 2989 sitis.
249 2955 393 2998 Anus,
438 2956 575 3000 rugulis
610 2956 774 2989 radiatim
811 2955 991 2999 dispositis
1026 2955 1281 2996 circumdatus,
1326 2965 1478 2997 superne
1515 2956 1784 2999 prolongatione
1820 2956 1920 2989 brevi
1953 2956 2042 2989 cutis
2077 2956 2326 2989 subvalvulae-

106 3022 214 3056 sormi
249 3023 439 3067 obtegitur.
494 3021 663 3063 Pedes,
708 3026 834 3056 exacte
868 3026 906 3055 ut
940 3022 975 3054 in
1008 3022 1111 3055 icone
1145 3020 1399 3063 Ceratophryis
1435 3021 1601 3054 dorsatae
1636 3022 1791 3056 feminae
1817 3021 1994 3066 Principis
2029 3032 2075 3055 ΠΕ
2103 3022 2219 3056 Wffln
2254 3024 2326 3056 for-

106 3089 210 3133 mati3
246 3090 388 3123 antici
425 3090 567 3130 laeves,
602 3100 755 3133 superne
791 3088 1032 3131 verruculosi3
1076 3088 1194 3133 digitis
1228 3088 1348 3121 liberis
1383 3087 1562 3129 laevibus,
1600 3089 1775 3131 juncturis
1811 3089 2039 3122 articulorum
2074 3090 2198 3123 subtus
2235 3089 2326 3123 callo

106 3167 218 3199 parvo
245 3158 378 3200 auctis3
412 3157 515 3190 tertio
544 3156 654 3200 digito
681 3156 827 3200 reliquis
854 3156 1032 3200 longiore,
1067 3155 1224 3189 secundo
1251 3155 1480 3196 brevissimo,
1517 3159 1642 3199 quarto
1671 3155 1853 3198 paululum
1880 3156 2041 3200 longiore
2068 3168 2174 3201 quam
2200 3167 2323 3190 secun-

107 3223 192 3264 dus,
226 3224 340 3267 primo
370 3224 524 3268 (pollice)
552 3224 629 3257 fere.
657 3223 876 3267 longitudine
904 3223 1016 3264 tertii,
1061 3223 1124 3255 sed
1158 3222 1260 3255 basin
1295 3233 1421 3255 versus
1453 3222 1564 3254 multo
1592 3222 1767 3255 crassiore
1795 3226 1829 3256 et
1855 3223 1946 3256 callo
1973 3235 2166 3268 permagno
2195 3223 2240 3256 ad
2265 3233 2320 3255 ra—

105 3289 220 3323 dicem
246 3294 372 3333 aucto;
415 3290 587 3334 postici
620 3290 816 3324 femoribus
843 3290 1026 3331 laevibus,
1069 3290 1194 3323 subtus
1230 3292 1265 3322 et
1297 3288 1431 3333 postice
1466 3292 1584 3322 autem
1617 3289 2015 3334 coriaceo—granulosis
2049 3290 2101 3323 uti
2127 3290 2320 3331 abdomen3

104 3356 199 3389 tibiis
226 3357 406 3399 laevibus,
448 3369 601 3402 superne
638 3357 858 3401 granulosis‚
901 3357 1006 3390 tarsis
1041 3356 1230 3400 digitisque.
1264 3356 1444 3396 laevibus,
1486 3355 1542 3389 his
1576 3360 1695 3389 autem
1729 3357 1807 3390 basi
1843 3369 1981 3390 summa
2006 3357 2210 3390 membrana
2237 3366 2318 3389 con-

99 3423 251 3466 junctis,
293 3424 417 3458 subtus
444 3425 489 3458 ad
519 3425 706 3467 juncturas
742 3423 971 3456 articulorum
1006 3424 1098 3456 callo
1132 3434 1244 3466 parvo
1279 3422 1410 3462 auctis,
1454 3426 1707 3467 praetereaque
1742 3424 1833 3457 callo
1869 3424 2024 3466 majore,
2064 3423 2141 3456 fere
2169 3422 2317 3466 digitum

104 3493 245 3524 sextum
269 3491 471 3532 mentiente,
498 3492 591 3525 infra
618 3491 719 3525 basin
747 3490 884 3534 pollicis
911 3490 1150 3533 prominente-5
1185 3490 1295 3534 digito
1323 3489 1434 3532 primo
1463 3490 1690 3532 brevissimo,
1719 3491 1873 3524 secundo
1898 3490 2003 3533 paulo
2031 3489 2210 3533 longiore,
2247 3492 2314 3522 ter-

107 3556 155 3590 tio
183 3561 218 3590 et
245 3557 366 3602 quinto
401 3558 626 3601 aequalibus,
668 3558 825 3592 secundo
862 3557 968 3601 paulo
1003 3557 1240 3601 longioribus,
1287 3560 1410 3600 quarto
1445 3556 1663 3601 longissimo.
1732 3555 1869 3590 Color
1903 3556 2103 3599 speciminis
2140 3556 2251 3590 nostri
2278 3556 2311 3589 in

172 3623 407 3649 GnAvrnnonsr
445 3621 590 3657 Raptiln'a.
1664 3622 1710 3657 13
