2534 3890
1076 218 1119 253 V.
1174 217 1338 254 auro.
2250 223 2309 266 55

107 326 205 360 ribus
231 326 467 362 distinctiores
495 325 793 367 confertissimae,
829 326 935 360 dorso
962 327 1139 362 maximae
1166 328 1230 361 sed
1256 328 1461 372 pauciores,
1502 339 1568 362 nec
1595 328 1796 367 confertae,
1839 330 1874 364 in
1909 331 2026 365 medio
2062 331 2170 365 dorso
2197 336 2315 367 autem

108 393 144 426 in
171 394 282 428 series
309 394 582 439 longitudinales
609 393 699 426 duas
734 393 937 437 dispositae.
991 393 1125 428 Omnes
1151 394 1220 427 hae
1247 406 1418 429 verrucae
1444 399 1575 440 puncto
1603 396 1752 429 centrali
1785 396 2019 440 nigro-fusco
2045 402 2189 432 notatae
2215 404 2318 442 sunt3

108 460 274 494 laterales
302 466 420 495 autem
446 461 588 504 saepius
615 460 719 504 signo
746 461 902 505 regulari
928 461 1134 495 rotaeformi
1159 461 1370 503 rufescenti,
1408 463 1510 506 cujus
1536 463 1615 498 axis
1641 466 1809 507 punctum
1835 463 1920 497 illud
1947 466 2143 500 distinctius
2170 471 2204 500 et
2236 468 2317 501 sub-

109 528 287 562 elevatum
314 533 378 562 est.
430 527 612 561 Verrucae
645 539 779 572 parvae
812 529 943 572 pedum
978 539 1118 572 quoque
1151 532 1320 572 punctum
1355 531 1510 563 centrale
1544 531 1722 564 elevatum
1756 529 1897 564 habent.
1957 530 2142 566 Par-otis
2174 545 2318 577 porosa,

110 596 299 638 petiolata,
327 596 617 636 subtransversa,
644 595 804 639 margine
830 594 966 638 postico
994 597 1115 637 (anum
1140 605 1266 628 versus
1294 598 1488 638 spectante)
1517 601 1634 639 recto,
1662 597 1871 642 suboblique
1897 609 2024 632 versus
2039 599 2151 632 latera
2174 600 2319 643 directo,

110 663 227 696 antico
255 666 418 704 arcuato,
453 662 547 695 unde
574 662 689 706 figura
716 662 887 705 parotidis
914 661 1273 703 subsemicircularis,
1311 663 1442 706 angulo
1470 664 1647 697 exteriore
1674 668 1792 698 tamen
1821 664 2001 706 acutiore,
2042 665 2190 710 indeque
2217 679 2319 711 paro-

111 729 184 762 tide
210 730 442 772 subcordata3
482 729 578 773 poris
606 730 798 771 distinctis,
833 729 1021 762 intervallo
1048 729 1125 762 fere
1151 729 1268 762 lineae
1295 729 1386 763 inter
1411 741 1451 762 se
1478 730 1710 774 distantibus3
1744 735 1931 775 praeterea
1956 731 2067 776 signis
2093 733 2213 776 parvis
2238 736 2319 768 sub-

112 797 281 830 obsoletis
306 797 568 830 ruse-scentibus
595 800 727 830 notata.
780 796 945 840 Augulus
973 796 1131 830 exterior
1153 797 1310 840 posticus
1337 796 1508 840 parotidis
1535 798 1691 830 excurrit
1715 798 1751 830 in
1778 798 1923 842 plicam,
1952 799 1998 832 ad
2023 799 2127 833 basin
2146 800 2321 835 femorum

112 874 225 908 usque
252 864 412 906 ductam,
454 864 567 897 altera
592 863 685 907 plica
710 863 885 905 lateralis,
927 863 1020 896 infra
1053 863 1201 896 axillam
1234 867 1330 905 orta,
1379 864 1425 897 ad
1458 863 1561 897 basin
1593 864 1767 898 internam
1799 865 1974 899 femorum
2009 866 2173 900 decurrit.
2232 866 2321 901 Ver-

113 941 220 964 rucae
247 931 357 974 partis
383 930 560 963 inferioris
586 930 842 974 plantarum
868 930 1024 973 majores
1050 933 1133 963 sunt
1159 940 1264 974 quam
1291 930 1503 974 superioris,
1537 934 1704 976 totaeque
1737 931 1850 966 rufae.
1903 931 2055 978 Digiti
2091 944 2215 969 omnes
2240 935 2321 968 sub-

115 1000 172 1030 tus
198 997 404 1031 rufo-fusci
430 1000 528 1038 sunt,
566 996 667 1040 apice
702 996 926 1035 obscuriore,
970 996 1068 1030 disco
1106 997 1211 1040 plano
1245 997 1432 1030 terminati.

266 1131 300 1165 2.
353 1129 617 1175 Longitudo
652 1127 699 1173 5}
727 1129 904 1173 pollicum.
959 1129 1105 1174 Supra
1132 1130 1293 1172 fuscum,
1329 1131 1420 1164 infra
1446 1131 1553 1175 paulo
1587 1131 1762 1175 pallidius.
1816 1130 1973 1165 Forma
2009 1133 2115 1167 totius
2152 1136 2323 1179 animalis,

116 1209 181 1231 nec
208 1209 278 1230 non
304 1197 458 1242 partium
485 1197 645 1241 corporis
672 1196 891 1241 singularum
919 1201 952 1229 et
979 1208 1227 1238 verrucarum,
1266 1196 1462 1242 harumque
1490 1198 1694 1241 dispositio,
1729 1199 1875 1232 eaedem
1910 1204 1989 1232 sunt
2018 1211 2059 1233 ac
2092 1201 2127 1234 in
2154 1203 2325 1236 varietate

115 1265 356 1298 antecedente.
409 1264 633 1298 Veri-acac
668 1264 774 1307 paulo
809 1264 1015 1307 pallidiores
1049 1268 1131 1297 sunt
1165 1264 1360 1298 interstitiis
1394 1276 1537 1307 earum,
1581 1266 1708 1298 eodem
1742 1269 1861 1299 autem
1899 1267 2006 1300 modo
2033 1267 2194 1311 signatae
2222 1271 2325 1303 acin

115 1333 365 1374 antecedente,
400 1332 463 1365 sed
490 1331 690 1376 asperiores
717 1342 823 1375 quam
850 1332 885 1364 111
911 1331 972 1364 11111
999 1335 1033 1364 01
1059 1331 1094 1364 111
1121 1335 1310 1376 50(11101110;
1343 1332 1504 1365 dorsales
1538 1343 1624 1376 prae
1660 1333 1810 1365 caeteris
1844 1333 2011 1366 elatiores
2038 1339 2129 1368 sunt.
2182 1335 2326 1379 Caput

114 1400 228 1445 magis
256 1400 463 1443 depressum
490 1402 544 1432 est
570 1410 675 1443 quam
702 1398 738 1431 in
764 1398 938 1432 varietate
964 1398 1079 1442 prima
1106 1402 1140 1432 et
1166 1398 1290 1442 tertia,
1331 1399 1446 1442 spatio
1480 1399 1573 1432 inter
1606 1399 1728 1433 oculos
1762 1400 1868 1443 paulo
1905 1401 2115 1443 profundius
2143 1408 2328 1442 excavato,

117 1467 277 1501 verrucis
311 1468 450 1511 parvis,
499 1477 590 1510 quae
625 1465 694 1499 illis
729 1466 874 1507 desunt,
919 1466 1046 1499 obsito.
1099 1464 1246 1500 Pedes
1274 1469 1309 1499 et
1342 1466 1482 1511 digiti
1516 1466 1625 1500 multo
1659 1466 1867 1511 graciliores
1893 1471 1974 1501 sunt
2008 1479 2113 1512 quam
2146 1469 2181 1502 in
2213 1471 2328 1503 varie—

115 1538 187 1568 tate
220 1534 344 1579 prima.

261 1635 295 1668 3.
348 1633 612 1678 Longitudo
647 1632 694 1676 5:¹5
718 1633 896 1677 pollicum.
950 1633 1114 1667 Forma
1140 1633 1248 1668 totius
1275 1633 1434 1678 corporis
1461 1645 1526 1667 nec
1552 1645 1623 1668 non
1645 1634 1798 1678 partium
1824 1634 1902 1678 ejus
1930 1638 1964 1668 et
1984 1645 2234 1679 verrucarum,
2267 1637 2327 1672 ha-

109 1712 257 1746 rumque
283 1701 487 1745 dispositio,
530 1701 676 1733 eaedem
710 1704 791 1734 sunt
818 1711 860 1734 ac
894 1700 929 1734 in
963 1701 1269 1744 praecedentibus.
1332 1700 1480 1735 Pedes
1515 1705 1549 1734 01
1585 1702 1686 1746 digiti
1711 1701 1940 1746 proportione
1967 1706 2048 1735 sunt
2073 1703 2258 1738 varietatis
2285 1706 2327 1748 23

109 1780 282 1804 verrucae
309 1771 427 1801 autem
452 1767 568 1801 minus
594 1767 698 1801 altae.
750 1766 908 1811 Margo
943 1767 1038 1801 eirca
1071 1769 1242 1802 verticem
1269 1772 1304 1801 et
1340 1769 1529 1812 palpebras
1564 1772 1710 1802 exstans
1743 1768 1909 1802 humilior
1942 1773 1996 1802 est
2020 1780 2125 1814 quam
2153 1771 2186 1803 in
2213 1773 2326 1806 varie-

111 1840 183 1871 tate
211 1836 244 1870 1.
298 1833 435 1869 Color
461 1845 598 1868 osseus.
640 1833 866 1868 Verrucae
892 1845 1026 1878 parvae
1052 1836 1182 1879 pedum
1205 1839 1336 1879 puncto
1363 1835 1512 1870 centrali
1540 1835 1775 1869 minutissimo
1804 1839 1971 1869 castaneo
1998 1838 2327 1881 subprotuberante,

111 1904 147 1938 id
174 1903 268 1948 quod
293 1901 462 1936 MERREM
489 1901 609 1935 verbis
649 1901 842 1943 „verrucis
869 1905 1010 1934 artuum
1037 1903 1184 1936 11011115ίί
1222 1903 1410 1944 indicavit3
1452 1903 1515 1935 sed
1548 1906 1671 1935 nostra
1697 1902 1880 1936 individua
1905 1904 2074 1946 probant,
2115 1915 2186 1937 non
2212 1907 2327 1939 solum

113 1974 229 2012 artus,
264 1970 327 2003 sed
355 1969 460 2002 etiam
495 1969 688 2010 abdomen,
731 1968 873 2012 saepius
907 1969 1069 2002 verrucis
1103 1969 1217 2003 acutis
1252 1969 1387 2003 obsitos
1423 1980 1515 2003 esse.
1582 1968 1735 2003 Maxilla
1767 1970 1916 2003 inferior
1950 1970 2112 2004 omnibus
2138 1971 2328 2006 individuis

112 2037 272 2083 margine.
299 2037 415 2071 antico
442 2035 663 2080 emarginata
689 2039 761 2078 051,
810 2036 884 2069 tub
896 2047 915 2069 0
923 2047 968 2070 10
976 2036 1049 2069 1110
1084 2037 1105 2070 d
1116 2048 1135 2069 e
1145 2048 1167 2070 n
1176 2040 1189 2070 t
1197 2036 1208 2069 i
1217 2037 1261 2071 fo
1272 2036 1352 2070 rmi
1388 2047 1408 2069 e
1444 2037 1562 2070 medio
1591 2037 1876 2081 emarginaturae
1904 2040 2077 2070 exstante.

263 2153 298 2188 4.
349 2153 579 2188 Individuum
605 2153 845 2186 anlericanum
870 2153 985 2186 musei
1011 2153 1201 2187 anatomici
1227 2156 1370 2186 nostrae
1398 2153 1658 2187 universitatis:
1695 2152 1792 2186 Lon
1801 2153 1960 2198 gitudo
1987 2151 2011 2186 4
2026 2153 2203 2197 pollicum.
2241 2154 2329 2190 Cor-

114 2234 181 2268 pus
206 2226 339 2264 totum,
382 2224 498 2263 artus,
534 2220 652 2265 digiti,
685 2220 796 2253 multo
824 2220 1033 2265 graciliores
1059 2223 1143 2254 sunt
1175 2231 1281 2264 quam
1307 2219 1343 2252 in
1369 2220 1513 2264 reliquis
1541 2220 1755 2263 individuis,
1798 2220 1897 2264 rugis
1924 2220 2042 2253 multis
2067 2220 2329 2265 longitudinali-

112 2291 179 2324 bus
206 2289 480 2333 irregularibus,
514 2287 723 2331 praeprimis
748 2288 785 2320 in
811 2290 911 2331 parte
944 2287 1059 2321 infero
1086 2287 1246 2331 corporis
1280 2290 1314 2320 et
1340 2288 1488 2330 pedum,
1530 2288 1750 2331 parotidibus
1784 2287 2047 2331 angustioribus
2075 2287 2200 2322 ovatis.
2252 2289 2329 2323 Ista

114 2356 294 2402 gracilitas
304 2381 314 2398 ,
348 2366 480 2400 rugae,
521 2354 707 2398 formaque
740 2354 925 2398 angustior
950 2354 1152 2398 parotidlun
1184 2358 1303 2387 autem
1330 2365 1350 2387 e
1376 2358 1471 2387 statu
1507 2354 1624 2397 priore
1651 2354 1757 2397 hujus
1783 2354 1956 2387 individui
1991 2353 2170 2388 exsiccato
2198 2358 2232 2388 et
2257 2356 2327 2390 col-

113 2425 215 2469 lapso
242 2426 341 2457 ortae
370 2434 449 2456 esse
475 2422 651 2455 videntur.
704 2420 889 2455 Verrucae
917 2421 1095 2465 corporis,
1130 2421 1321 2465 praecipue
1349 2421 1529 2463 dorsales,
1572 2421 1682 2454 multo
1709 2421 1864 2454 minores
1891 2424 1972 2454 sunt
1998 2432 2103 2465 quam
2129 2421 2165 2454 111
2191 2426 2329 2456 11111000-

115 2491 299 2533 dentibus,
333 2490 396 2523 vix
420 2490 704 2534 protuberantes.
759 2487 899 2522 Color
924 2488 1257 2530 fusco—testaceus3
1290 2488 1472 2531 parotides
1499 2488 1645 2531 badiae3
1683 2488 1860 2521 abdomen
1887 2491 1921 2521 et
1947 2488 2055 2532 pedes
2082 2489 2230 2522 maculis
2256 2500 2330 2523 ma—

110 2558 249 2602 joribus
274 2557 560 2601 minoribusque,
597 2566 706 2599 saepe
733 2555 1010 2597 confluentibus,
1052 2555 1350 2588 obscuro-fuscis
1377 2555 1571 2599 vai-iegati,
1612 2566 1785 2588 verrucae
1813 2565 1971 2598 quoque,
2013 2565 2079 2588 nec
2104 2566 2175 2588 non
2201 2556 2329 2602 margi-

114 2636 179 2659 nes
204 2624 328 2669 capitis
363 2627 397 2657 et
430 2622 674 2664 maxillarum,
717 2622 859 2656 obscuri
893 2625 992 2665 sunt,
1046 2622 1091 2655 ad
1124 2622 1239 2655 latera
1272 2621 1369 2654 dorsi
1401 2622 1563 2655 maculae
1598 2625 1670 2654 tres
1704 2632 1856 2665 magnac
1891 2622 2079 2666 elongatae
2112 2622 2328 2667 irregulares

114 2693 238 2737 nigrae
264 2691 389 2725 vittam
415 2689 584 2740 exhibent
608 2688 794 2722 lateralem
819 2689 1072 2732 interruptam,
1106 2688 1247 2722 macula
1273 2688 1550 2722 suborbicularis
1576 2689 1692 2722 minor
1717 2688 1881 2734 utrinque
1907 2689 1943 2722 in
1970 2689 2127 2730 cervice,
2164 2689 2210 2722 ad
2235 2700 2326 2723 mar-

116 2760 235 2804 ginem
261 2757 450 2803 parotidis,
486 2755 710 2800 conspicitur.

263 2841 321 2875 De
348 2840 556 2884 synonymia
582 2839 687 2883 hujus
714 2839 847 2884 speciei
879 2839 982 2883 plura
1017 2838 1195 2872 monenda
1221 2842 1320 2872 sunt:

242 2916 388 2950 -SEBAE
413 2915 453 2957 I,
488 2916 559 2949 tab.
574 2914 643 2957 76,
678 2914 736 2959 fig.
759 2914 777 2948 1
813 2914 889 2948 sine
916 2914 1024 2947 dubio
1047 2913 1117 2947 huc
1143 2917 1298 2957 spectat,
1327 2913 1409 2946 lieet
1435 2914 1515 2947 icon
1543 2914 1619 2959 ipsa
1641 2914 1736 2947 haud
1764 2925 1842 2947 cum
1869 2913 1999 2946 nostris
2027 2912 2218 2946 individuis
2245 2925 2326 2947 con-

112 2988 234 3030 gruat3
276 2993 449 3017 verrucae
477 2982 637 3015 dorsales
664 2982 776 3023 enim,
810 2982 928 3015 fornia
964 2985 999 3014 et
1025 2981 1277 3024 dispositione,
1312 2980 1415 3013 nimis
1442 2982 1627 3024 regulares
1654 2985 1753 3022 sunt,
1788 2980 1967 3024 parotides
2003 2984 2121 3013 autem
2148 2981 2327 3023 angustio-

111 3064 192 3093 res,
226 3052 302 3085 fere
330 3054 368 3083 ut
394 3050 430 3082 in
457 3049 688 3082 antecedente
721 3048 876 3082 icterico.
937 3048 1174 3089 Bneusmx,
1215 3047 1275 3091 qui
1310 3047 1359 3089 (in
1387 3047 1617 3080 translatione
1652 3047 1769 3090 operis
1796 3046 1936 3079 LAOEP.
1958 3046 2017 3087 ll,
2047 3047 2117 3079 tab.
2136 3046 2198 3084 30)
2236 3047 2326 3080 hanc

112 3118 237 3153 SEBAE
264 3118 420 3159 iconem,
456 3120 592 3149 mutata
617 3115 696 3149 sola
721 3115 880 3159 positura
907 3115 1090 3156 animalis,
1125 3114 1283 3157 repetiit,
1321 3114 1502 3157 parotides
1529 3114 1646 3146 adhuc
1673 3113 1914 3158 angustiores,
1952 3113 2070 3157 itaque
2098 3113 2166 3146 illis
2193 3113 2325 3147 icterici

113 3185 319 3226 similiores,
350 3183 521 3218 exhibuit.
575 3181 766 3216 Caeterum
792 3182 827 3215 in
853 3183 922 3215 ista
947 3181 1193 3215 BECHSTEIMI
1222 3181 1342 3214 tabula
1369 3180 1505 3213 numeri
1531 3180 1725 3224 figurarum
1745 3180 1763 3214 1
1794 3184 1827 3213 et
1854 3180 1876 3214 2
1905 3180 2109 3213 commutati
2135 3184 2225 3213 sunt.

263 3267 515 3309 WVALLBAUM,
556 3278 578 3299 a
603 3265 810 3299 MERREMlo
843 3266 1026 3306 laudatus,
1067 3264 1248 3309 parotides
1283 3267 1407 3298 ovatas
1442 3263 1628 3308 descripsit
1670 3264 1779 3308 (quod
1812 3263 1907 3297 haud
1941 3267 2067 3297 exacte
2094 3263 2139 3295 ad
2164 3266 2321 3295 nostrum

111 3334 296 3380 quadrat),
328 3334 523 3379 marginem
549 3332 819 3366 horizontaliter
843 3333 1053 3376 productum
1079 3331 1366 3376 superciliorum,
1401 3330 1666 3376 marginemque
1691 3331 1942 3376 palpebrarum
1975 3329 2198 3367 inferiorum,
2240 3329 2320 3361 sub-

112 3402 218 3436 tiliter
251 3404 432 3435 crenatum
471 3401 615 3443 (nostris
647 3399 840 3433 individuis
868 3399 1067 3443 integrum).

262 3476 397 3510 LINNEI
431 3474 600 3509 Ranam
633 3475 865 3515 marinam,
913 3474 959 3506 ad
992 3484 1097 3518 quam
1129 3473 1272 3517 quidem
1304 3472 1429 3506 SEBAE
1463 3472 1545 3506 icon
1578 3473 1722 3506 laudata
1755 3476 1826 3513 est,
1868 3470 2034 3503 Menum
2069 3469 2321 3513 interrogative

114 3544 208 3578 citat.
261 3542 410 3577 Tubera
436 3546 586 3586 quatuor
612 3543 703 3576 inter
729 3545 828 3575 nates
856 3544 887 3573 et
924 3551 964 3573 os
991 3539 1174 3584 coccygis‚
1208 3550 1298 3584 quae
1326 3538 1424 3572 SEBA
1454 3539 1640 3584 descripsit
1667 3543 1701 3572 et
1726 3539 1761 3572 in
1788 3538 1888 3572 icone
1916 3535 2093 3576 exhibuit,
2127 3536 2216 3569 meis
2242 3547 2319 3580 spe-
