2632 3890
1091 121 1149 155 11:
1186 120 1298 156 ΒΑΝ
1309 121 1354 155 A.
2266 129 2330 173 43

809 294 880 336 13.
999 297 1050 337 R.
1140 296 1661 339 PACHYPUS.

231 420 378 456 Plantae
395 418 530 468 fissi&
562 419 674 454 linei-s·
708 431 782 455 sex
808 419 1025 456 dorsalibus
1051 421 1231 461 elevatis;
1258 421 1431 465 cinerea,
1454 420 1617 470 pedibus
1643 421 1987 470 migro-ficseiatis,
2013 426 2126 462 ‹lor-⁸0
2147 430 2239 476 plm-

1054 488 1181 522 mv'mm
1207 489 1414 523 maculato.

279 621 397 666 Hujus
422 621 555 666 speciei
581 632 699 657 mares
733 633 853 657 coram
879 622 995 657 habeo
1031 627 1121 666 tres,
1161 622 1330 657 feminam
1355 634 1480 657 unam:

327 739 357 773 1.
410 738 591 782 Mares,
619 740 767 784 pedibus
795 740 919 775 anticis
945 740 1168 775 incrassatis:

281 856 312 890 1.
365 856 627 901 Longitudo
655 855 702 896 4}
731 857 919 901 pollicum,
945 858 1084 893 femora
1109 857 1132 892 2
1159 858 1305 902 pollices
1334 862 1368 891 01
1395 858 1414 891 1
1443 858 1573 891 lineam
1599 858 1706 902 longa
1732 864 1833 902 sunt,
1871 861 1978 895 tibiae
2005 862 2165 906 ejusdcm
2190 864 2343 910 longitu-

129 922 239 964 dinis,
268 923 354 956 tarsi
381 922 403 956 3
431 924 577 967 pollices
604 926 639 956 et
665 923 687 957 2
715 923 827 957 lineas
854 935 966 968 usque
994 925 1039 958 ad
1066 925 1203 968 apicem
1230 925 1331 969 digiti
1357 925 1572 969 longissimi,
1617 925 1677 969 qui
1703 926 1802 959 solus
1828 927 2047 972 longitudine
2076 934 2129 964 est
2157 931 2175 964 1
2204 933 2343 975 pollicis

128 993 163 1023 et
189 987 210 1022 5
238 990 422 1023 linearum.
474 990 642 1023 Ambitus
669 990 822 1032 brachii,
866 991 927 1024 ubi
953 991 1020 1025 hoc
1048 992 1309 1025 crassissimum
1337 995 1408 1034 est,
1450 992 1472 1025 3
1500 992 1646 1036 pollices
1681 996 1716 1025 01
1752 991 1774 1026 5
1810 993 1921 1028 lineas
1949 1000 2085 1040 aequat.
2137 996 2344 1034 Palmarum

128 1056 281 1101 digiti,
318 1056 456 1090 ratione
484 1057 712 1101 longitudinis
740 1062 773 1091 et
800 1058 1057 1102 proportionis,
1096 1070 1176 1092 cum
1212 1059 1313 1092 icone
1341 1059 1529 1092 SrlmeA
1565 1063 1690 1092 exacte
1726 1061 1950 1095 conveniunt.
2003 1061 2132 1097 Pollex
2168 1066 2246 1100 basi
2282 1068 2342 1101 ad-

126 1125 270 1158 modum
297 1124 513 1158 incrassatus
542 1128 576 1157 et
603 1125 693 1158 callo
730 1125 860 1170 insigni
897 1129 1021 1160 auctus
1049 1129 1121 1169 est,
1164 1126 1288 1159 similis
1326 1126 1437 1159 callus
1465 1127 1510 1159 ad
1544 1127 1646 1159 basin
1674 1127 1847 1161 internam
1873 1129 2013 1172 palmae
2039 1134 2194 1175 prostat3
2238 1134 2342 1168 ambo

125 1192 206 1224 calli
233 1195 350 1225 autem
377 1192 477 1236 apice
503 1192 539 1224 in
565 1203 689 1225 veram
714 1193 885 1236 ungulam
912 1204 1079 1226 corneam
1105 1193 1334 1237 nigerrimam
1361 1197 1502 1226 exeunt.
1557 1192 1635 1227 Os:
1678 1195 1825 1227 maxilla
1858 1196 2041 1239 superiore
2069 1198 2253 1233 denticulis
2279 1201 2342 1234 mi—

124 1259 219 1292 nutis
246 1265 404 1301 armata,
433 1258 604 1293 inferiore
632 1259 732 1303 apice
759 1260 865 1293 dente.
893 1263 1012 1293 erecto
1039 1271 1169 1304 magno
1198 1261 1428 1305 triangulari,
1456 1261 1515 1304 qui
1542 1264 1676 1303 autem,
1705 1273 1768 1294 ore
1795 1263 1936 1304 clauso,
1974 1264 2201 1299 absconditus
2229 1271 2282 1300 est
2308 1272 2343 1301 01

122 1326 271 1367 foveae,
315 1326 408 1359 intra
432 1327 629 1371 marginem
655 1326 822 1360 maxillae
849 1327 1063 1372 superioris,
1110 1328 1312 1371 respondet.
1375 1326 1550 1361 Collum
1587 1329 1710 1362 subtus
1744 1329 1779 1362 in
1815 1330 1885 1362 duo
1912 1329 2174 1374 hemisphaeria
2200 1344 2340 1378 magna,

122 1393 314 1427 uberorum
340 1393 470 1435 instar,
498 1394 682 1437 intmnuit3
709 1394 803 1427 infra
828 1394 937 1437 haec,
964 1395 1001 1428 iu
1027 1398 1172 1439 pectore
1198 1395 1296 1439 ipso,
1325 1395 1395 1428 (1110
1423 1395 1494 1428 alia
1520 1395 1783 1439 hemisphaeria
1808 1396 1955 1439 similia,
1982 1398 2047 1431 sed
2072 1400 2178 1442 paulo
2204 1401 2343 1435 minora

124 1464 158 1493 et
184 1461 340 1502 laxiora,
385 1461 658 1504 conspiciuntur.
711 1460 888 1505 Corpus
915 1465 1027 1495 totum
1054 1463 1154 1495 leve
1182 1465 1255 1504 est,
1299 1462 1495 1496 femoribus
1530 1466 1648 1496 tamen
1684 1463 1819 1496 inferne
1854 1465 2131 1508 granulosis.
2184 1466 2343 1503 Dorsum

123 1528 253 1571 plicas,
295 1539 359 1561 seu
396 1529 508 1562 lineas
543 1529 721 1571 elevatas,
768 1540 835 1563 sex
870 1529 977 1563 habet
1018 1530 1209 1574 parallelas
1250 1529 1548 1574 longitudinales,
1590 1531 1695 1573 paulo
1740 1531 1977 1564 distinctiores
2020 1543 2125 1576 quam
2163 1534 2201 1567 in
2241 1535 2343 1569 icone

123 1594 330 1636 SPIXIANA,
377 1606 526 1639 quarum
551 1595 715 1639 utrinque
744 1596 902 1630 exterior
927 1597 1072 1631 brevior
1099 1600 1172 1639 est,
1206 1597 1365 1631 secunda
1391 1597 1434 1630 ab
1463 1597 1567 1630 oculo
1595 1597 1707 1630 oritur
1743 1601 1778 1631 et
1804 1598 1850 1631 ad
1876 1599 1977 1632 basin
2003 1600 2150 1634 femoris
2177 1601 2341 1645 decurrit,

123 1662 215 1695 duae
242 1662 473 1695 intermediae
499 1663 535 1695 in
562 1663 703 1696 cervice
730 1664 892 1697 oriuntur
918 1667 953 1697 et
979 1665 1026 1698 ad
1052 1675 1093 1698 os
1121 1664 1284 1708 coccygis
1312 1664 1495 1707 desinunt3
1538 1668 1724 1708 praeterea
1760 1665 1941 1709 utrinque,
1982 1666 2074 1700 inter
2099 1668 2227 1711 pedem
2253 1670 2341 1704 anti-

123 1740 204 1763 cum
230 1732 265 1762 et
290 1730 482 1774 posticum,
526 1729 621 1763 linea
648 1730 804 1764 lateralis
833 1731 975 1764 elevata
1008 1731 1233 1776 conspicitur.
1286 1731 1483 1765 Interstitia
1509 1731 1681 1776 plicarum
1715 1732 1908 1766 dorsalium
1935 1733 2059 1777 poris
2085 1735 2339 1780 minutissimis,

123 1796 226 1830 oculo
253 1797 348 1830 nudo
376 1797 439 1830 vix
465 1797 684 1842 conspicuis,
712 1797 815 1842 quasi
841 1799 1013 1840 cribrosa,
1040 1799 1302 1832 verruculis
1329 1799 1528 1843 perpaucis,
1556 1798 1620 1833 vix
1646 1799 1833 1841 distinctis,
1860 1800 1993 1844 passim
2019 1802 2244 1837 subseriatim
2271 1804 2340 1838 dis-

123 1864 265 1908 positis,
301 1864 418 1898 obsita
442 1868 541 1908 sunt3
579 1865 848 1899 verrucularum
874 1866 1053 1899 nonnullis
1079 1870 1210 1910 puncto
1238 1866 1386 1899 centrali
1411 1867 1514 1900 fusco
1540 1866 1682 1900 notatis.
1744 1865 1864 1900 Pedes
1891 1867 2018 1911 postici
2044 1879 2184 1914 quoque
2210 1871 2340 1905 talibus

122 1931 340 1974 verruculis,
381 1932 513 1976 passim
540 1932 731 1976 dispersis,
773 1933 880 1967 obsiti
912 1936 1004 1967 sunt.
1057 1931 1195 1967 Color
1230 1937 1265 1967 et
1291 1933 1514 1977 picturae
1542 1945 1622 1967 cum
1649 1934 1886 1977 descriptione
1915 1938 1950 1967 et
1975 1935 2078 1968 icone
2105 1935 2229 1970 SP1X11
2258 1950 2340 1972 con—

122 1999 279 2032 veniunt.
332 1998 375 2032 In
400 2002 523 2033 nostro
551 1999 734 2033 individuo
761 2004 881 2033 autem
906 2001 1042 2034 fasciae
1069 2012 1137 2035 sex
1162 2001 1305 2045 nigrae,
1334 2001 1370 2033 in
1397 2012 1527 2044 supera
1560 2001 1726 2034 tibiarum
1759 2004 1878 2045 parte,
1920 2002 2136 2047 totidemque
2168 2004 2203 2037 in
2229 2004 2341 2039 femo-

122 2077 202 2099 rum
229 2077 360 2110 supera
395 2070 515 2110 parte,
554 2067 791 2101 distinctiores
818 2070 918 2110 sunt3
964 2068 1140 2101 abdomen
1167 2072 1202 2100 et
1228 2068 1337 2111 pedes
1372 2068 1496 2101 subtus
1530 2068 1626 2100 haud
1652 2068 1924 2111 nigropunctati.
1977 2068 2008 2102 E
2036 2070 2196 2114 margine
2223 2072 2339 2105 infero

122 2133 306 2167 oculorum
332 2134 443 2167 oritur
468 2134 558 2167 vitta
583 2134 720 2176 albida,
766 2134 858 2167 inter
893 2138 1098 2178 tympanum
1132 2137 1167 2167 et
1200 2135 1369 2178 angulum
1404 2135 1576 2177 posticum
1613 2135 1721 2167 rictus
1750 2135 1820 2168 oris
1848 2136 1892 2168 ad
1929 2136 2029 2169 basin
2056 2137 2192 2170 brachii
2225 2149 2340 2184 usque

121 2201 332 2243 decurrens3
359 2201 475 2234 orbita
499 2202 656 2245 tympani
682 2201 891 2235 orbicularis
925 2202 1108 2245 nigerrimi
1145 2201 1265 2234 albida
1300 2202 1438 2234 inferne
1476 2213 1555 2234 cum
1591 2201 1680 2234 vitta
1716 2202 1777 2234 illa
1804 2202 1958 2235 confluit.
2011 2202 2110 2236 Vitta
2134 2205 2338 2249 nigerrima,

121 2267 164 2302 ab
193 2269 377 2301 oculorum
403 2268 564 2313 margine
589 2269 726 2313 postico
754 2272 850 2310 orta,
893 2280 1002 2312 supra
1027 2272 1231 2312 tympanum
1259 2269 1385 2310 ducta,
1428 2269 1578 2312 indeque
1612 2269 1772 2310 deflexa,
1818 2269 1958 2313 oblique
1992 2271 2037 2304 ad
2074 2271 2175 2304 basin
2203 2273 2339 2307 brachii

120 2336 360 2377 descendens,
387 2336 515 2369 desinit
541 2336 601 2369 ubi
627 2336 716 2369 vitta
742 2336 810 2369 ista
837 2336 956 2369 albida
981 2336 1174 2369 evanescit.
1228 2334 1447 2369 Persuasum
1482 2339 1598 2367 tamen
1637 2347 1691 2368 me
1720 2335 1853 2377 habeo,
1890 2337 2012 2369 xittam
2039 2338 2156 2371 albam
2183 2340 2337 2385 descrip-

120 2406 192 2436 tam
218 2402 314 2436 haud
339 2403 375 2436 in
402 2403 566 2436 omnibus
592 2403 783 2437 individuis
811 2403 987 2447 conspici,
1025 2413 1107 2435 nam
1134 2402 1169 2435 in
1196 2406 1317 2435 nostro
1344 2413 1484 2446 quoque
1511 2402 1695 2435 individuo
1722 2402 1811 2436 haec
1840 2403 1946 2445 vitta,
1974 2404 2035 2437 ubi
2062 2405 2250 2448 epidermis
2277 2419 2336 2441 ve-

119 2473 177 2503 tus
205 2470 238 2503 ei
265 2470 441 2512 inhaeret,
487 2482 567 2503 cum
599 2471 737 2515 reliquo
772 2481 922 2514 corpore
955 2471 1032 2504 fere
1069 2470 1238 2503 concolor
1265 2473 1328 2502 est.
1382 2469 1425 2502 ln
1451 2469 1553 2502 icone
1581 2469 1704 2502 Srlxu
1733 2469 1858 2503 harum
1885 2470 2051 2504 vittarum
2078 2472 2276 2507 albidarum
2303 2478 2337 2508 et

119 2537 300 2581 nigrarum
326 2538 461 2571 nullum
487 2537 678 2581 vestigium
704 2537 855 2583 videtur.
907 2536 1052 2570 Inferne
1079 2548 1208 2580 corpus
1235 2539 1347 2569 totum
1374 2536 1793 2569 sordide·ssavo-album
1820 2541 1889 2579 est,
1918 2538 2006 2571 locis
2034 2539 2250 2582 epidermide
2275 2552 2336 2575 ve-

122 2604 188 2637 teri
215 2605 366 2638 decidua
392 2604 742 2645 cinereo-albidum,
769 2604 930 2648 margine
956 2604 1124 2637 maxillae
1151 2603 1331 2636 inferioris
1359 2602 1501 2635 albido-
1530 2606 1561 2635 et
1588 2603 1805 2646 nigricante·
1832 2604 2020 2638 maculato.

270 2737 304 2771 2.
357 2738 618 2782 Longitudo
647 2737 669 2772 3
696 2738 864 2782 pollicum
891 2741 925 2771 et
951 2738 975 2771 7
1001 2728 1186 2771 linearum.
1240 2735 1388 2770 Pedes
1416 2736 1523 2769 antici
1549 2736 1666 2770 minus
1694 2737 1806 2770 crassi
1832 2748 1937 2782 quam
1963 2738 2145 2772 individuo
2176 2739 2215 2781 1,
2244 2741 2333 2774 callo

119 2806 164 2839 ad
191 2805 290 2839 basin
318 2805 473 2848 pollicis,
507 2806 690 2850 alteroque
717 2806 762 2838 ad
789 2806 890 2838 basin
916 2805 1076 2849 palmae,
1106 2815 1217 2848 aeque
1245 2804 1416 2837 distinctis
1453 2804 1619 2847 durisque
1654 2815 1696 2836 ac
1728 2804 1764 2837 in
1791 2804 1863 2846 illo,
1900 2804 1993 2837 haud
2019 2816 2106 2838 vero
2133 2806 2243 2850 nigris
2269 2809 2333 2842 sed

117 2873 217 2906 albis.
271 2872 490 2906 Tumores
517 2872 599 2905 colli
626 2876 660 2905 et
686 2873 839 2916 pectoris
865 2872 978 2916 magis
1006 2871 1153 2914 collapsi
1179 2874 1270 2905 sunt.
1324 2869 1464 2903 Plica
1475 2882 1494 2902 0
1523 2871 1681 2903 dor-ales
1709 2882 1774 2903 sex
1800 2871 2092 2913 indistinctiores,
2121 2874 2222 2916 pori
2248 2885 2332 2919 quo-

116 2951 183 2984 que
210 2940 576 2983 verruculaequc
604 2940 763 2973 dorsales
791 2940 906 2972 minus
935 2939 1087 2971 distincti
1115 2942 1206 2971 sunt.
1261 2936 1415 2970 Caetera
1441 2938 1655 2979 respondent
1683 2937 1865 2970 individuo
1903 2938 1933 2971 1.
1969 2937 2125 2972 Color:
2168 2939 2332 2985 Superne

115 3007 431 3048 fusco-cinereus,
458 3007 633 3040 femorum
661 3007 771 3039 latere
798 3006 975 3039 exteriore
1003 3005 1151 3047 inferne,
1179 3004 1343 3037 tibiarum
1370 3004 1480 3036 latere
1508 3003 1674 3036 interiore
1701 3015 1852 3047 superne.
1877 3004 2209 3048 nigro-maculatis,
2236 3007 2331 3042 haud

115 3074 291 3116 fasciatis3
318 3078 483 3117 tympano
512 3078 546 3106 et
573 3073 659 3106 vitta
685 3074 824 3106 laterali
851 3073 975 3116 capitis
1002 3073 1112 3116 nigris
1140 3076 1178 3104 ut
1205 3072 1388 3104 individuo
1419 3071 1459 3112 13
1486 3070 1622 3103 inferne
1651 3071 1808 3112 albidus,
1837 3076 1954 3104 mento
1982 3073 2067 3116 gula
2091 3073 2328 3119 lateribusque

115 3141 267 3184 pectoris
295 3145 330 3174 et
356 3141 552 3174 abdominis
580 3140 706 3173 atomis
732 3140 1015 3173 t'usco-cinereis
1043 3139 1222 3180 irroratis,
1253 3138 1413 3182 margine
1439 3137 1607 3170 maxillae
1634 3136 1812 3170 inferioris
1840 3138 2150 3183 albo-maculat03
2185 3142 2327 3175 femori-

114 3209 180 3241 bus
207 3208 301 3241 tibiis
327 3208 548 3252 brachiisque
576 3209 687 3241 latera
714 3218 839 3240 versus
865 3208 966 3241 fusco
994 3208 1206 3251 cinei-eoque
1232 3205 1409 3247 irroratis,
1435 3203 1527 3237 ulnis
1554 3204 1680 3248 palmis
1699 3204 1897 3250 plantisque
1924 3207 2048 3241 subtus
2075 3207 2325 3241 cinereo-coe-

114 3274 242 3316 ruleis,
271 3275 461 3318 digitorum
488 3276 588 3309 callis
615 3274 878 3319 pallidioribus,
905 3274 993 3307 vitta
1019 3274 1157 3307 laterali
1183 3274 1321 3307 interna
1346 3272 1546 3316 plantarum
1572 3272 1664 3305 alba.

264 3392 297 3425 3.
350 3391 611 3436 Longitudo
646 3392 668 3425 3
706 3392 871 3436 pollicum
909 3396 941 3424 et
976 3391 999 3424 8
1036 3392 1218 3424 linearum.
1282 3389 1427 3432 Caput
1461 3389 1567 3431 paulo
1609 3389 1747 3422 acutius
1788 3393 1840 3423 est
1876 3400 1980 3433 quam
2021 3390 2320 3434 antecedentibus,

115 3460 220 3503 paulo
265 3459 355 3492 atius
394 3471 479 3492 vero
513 3472 616 3504 quam
650 3460 813 3493 feminae.
867 3457 1014 3491 Pedes
1051 3458 1157 3491 antici
1193 3463 1229 3491 ut
1271 3456 1453 3489 individuo
1481 3456 1523 3495 2,
1566 3456 1666 3489 callis
1700 3456 1797 3490 duris
1833 3460 1950 3489 autem
1984 3455 2104 3499 nigris.
2159 3455 2317 3492 Color:
