2534 3890
1058 210 1104 246 X.
1158 209 1379 246 MOLGE.
2257 219 2320 260 77

116 325 310 359 maculis
338 323 593 368 majoribus
618 321 730 366 nigris
756 320 917 354 rotundis
944 325 1070 354 ornato
1106 321 1208 363 (vide
1235 325 1379 355 nostrae
1415 320 1558 354 tabulae
1576 319 1634 355 XI
1670 321 1727 367 fig.
1752 322 1802 365 I).
1862 323 2019 359 Tuber
2054 325 2184 360 anale
2218 327 2322 361 mari-

117 393 184 427 bus
211 393 340 426 adultis
366 392 472 425 valde
498 389 675 434 turgidum
703 392 774 430 est,
812 387 1221 432 subhemispllaericun13
1261 388 1630 432 nigro-maculatum3
1670 389 1759 422 rima
1785 391 2049 436 longitudinali,
2084 393 2219 437 postice
2251 393 2324 437 ple-

117 471 268 504 rumque
295 460 408 504 magis
435 458 556 491 hiante
584 459 619 489 et
645 456 889 500 appendiculis
917 455 1253 499 spinulaeformibus
1280 455 1426 497 albidis,
1468 456 1664 499 majoribus
1697 456 1937 492 minoribusve
1971 460 2061 502 (sine
2088 460 2196 494 dubio
2221 464 2327 504 prout

119 528 227 560 ardor
254 527 411 561 sexualis
437 525 552 568 magis
577 524 741 557 minusve
769 523 947 556 exaltatus
975 523 1054 564 est),
1088 521 1322 565 circumsepta
1350 522 1420 566 (fig.
1437 522 1498 556 III
1520 523 1762 567 magnitudine
1789 527 1918 566 aucta).
1961 526 2158 561 Feminis
2186 527 2258 571 (fig.
2271 527 2330 570 II),

121 595 251 628 tuber
285 593 415 627 anale
449 592 560 625 multo
594 591 712 624 minus
747 593 782 623 et
814 588 1137 633 depressiusculum
1164 591 1236 630 est;
1276 588 1366 621 rima
1402 589 1650 634 longitudinali
1682 591 1779 635 rugis
1812 591 1984 636 plicisque
2016 594 2326 637 transversalibus,

119 661 339 706 longioribus
366 658 679 703 brevioribusque,
705 656 871 691 radiatim
897 655 1145 690 circumcincta
1172 655 1244 700 (fig.
1259 653 1315 689 IV
1337 653 1422 689 etv
1447 657 1689 701 magnitudine
1716 660 1846 701 aucta).
1898 657 1956 693 De
1981 658 2036 693 his
2062 660 2220 703 partibus
2246 672 2328 695 con-

120 729 198 762 sule
223 727 442 762 RATnKEUM
475 737 555 770 pag.
575 725 623 759 99
650 735 724 769 sqq.

270 793 462 828 Individua
487 792 600 827 nostri
633 791 747 826 musei
773 802 866 824 nunc
895 789 1095 824 accuratius
1131 788 1391 834 descripturus,
1434 789 1629 824 secundum
1655 791 1897 827 diversitatem
1923 804 2033 828 sexus
2060 796 2095 826 et
2120 794 2332 829 maturitatis

123 873 167 895 ea
193 862 364 897 tractabo.

722 975 753 1009 I.
813 973 1050 1008 MARES
1104 971 1387 1008 ADULTI
1439 971 1732 1008 MATURI.

314 1051 342 1082 1.
388 1050 510 1082 Crista
531 1048 669 1080 clm-sali
687 1054 824 1085 erecta,·
856 1048 983 1092 ‹lz‘gitls
1000 1047 1146 1088 posticis
1167 1046 1402 1078 membranula
1423 1048 1606 1078 natatoria
1628 1047 1779 1079 limbatis
1809 1048 1908 1088 (Tab.
1930 1049 1998 1090 XI,
2027 1050 2081 1091 fig.
2099 1049 2142 1093 I).

273 1135 426 1181 Digiti
461 1134 748 1180 depressiusculi.
808 1133 1060 1168 Membranula
1084 1133 1337 1174 horizontalis,
1380 1132 1511 1177 digitos
1545 1133 1701 1177 posticos
1736 1134 1900 1178 cingens,
1942 1135 2125 1169 latitudine
2161 1137 2336 1180 variabili,

125 1205 203 1239 aliis
230 1205 341 1249 digito
369 1204 446 1248 ipso
474 1204 553 1247 plus
580 1202 776 1247 quadruplo
803 1201 909 1234 latior
936 1204 1009 1242 est,
1045 1200 1124 1234 aliis
1161 1200 1293 1233 sensim
1320 1200 1505 1243 angustior
1531 1200 1589 1242 fit;
1630 1201 1821 1244 digitorum
1848 1202 2006 1246 apicibus
2033 1203 2171 1237 extimis
2198 1204 2338 1248 gracili-

125 1274 192 1307 bus
219 1275 374 1306 attamen
401 1282 541 1314 semper
566 1269 688 1303 liberis
715 1269 850 1314 absque
876 1269 1095 1302 membrana.
1148 1266 1289 1304 Quibus
1317 1269 1434 1300 autem
1461 1266 1552 1300 haec
1577 1269 1784 1302 membrana
1809 1269 1981 1302 latissima
2008 1274 2078 1313 est,
2119 1271 2163 1304 iis
2198 1282 2340 1316 quoque

125 1340 269 1374 crista
302 1338 504 1372 dorsalis
531 1336 680 1381 insignis
708 1347 787 1369 esse
814 1336 924 1377 solet,
961 1346 1088 1379 nempe
1115 1338 1253 1376 erecta,
1286 1334 1476 1376 undulata,
1519 1336 1852 1378 serrato-dentata,
1894 1336 2077 1370 altitudine
2104 1338 2238 1372 dimidii
2264 1350 2340 1372 cor-

124 1408 233 1451 poris.
301 1404 486 1440 Cristae
522 1404 759 1445 caudales,
801 1406 874 1436 tam
900 1413 1055 1446 superna
1091 1413 1195 1446 quam
1230 1401 1388 1443 inferna,
1430 1401 1541 1434 multo
1576 1405 1658 1435 sunt
1693 1403 1837 1436 altiores
1872 1404 1988 1437 cauda
2021 1404 2109 1448 ipsa.
2175 1403 2342 1439 Latera

127 1473 286 1518 corporis
322 1473 529 1517 plerumque
563 1470 722 1505 verrucis
757 1469 1036 1503 distinctioribus
1070 1472 1131 1502 aut
1168 1468 1442 1502 obsoletioribus
1470 1468 1586 1502 obsita
1612 1472 1703 1504 sunt.
1763 1468 1922 1514 Margo
1956 1471 2179 1504 maxillae
2214 1482 2342 1516 supe-

125 1542 288 1583 rioris,
324 1543 406 1574 ante
445 1539 614 1583 angulum
639 1538 749 1571 rictus
775 1538 1068 1571 membranaceus
1096 1536 1276 1578 deflexus,
1312 1539 1447 1579 partem
1473 1536 1747 1579 respondentem
1773 1537 1943 1581 marginis
1969 1538 2138 1572 maxillae
2164 1538 2343 1572 inferioris

125 1609 222 1654 tegit.
284 1607 440 1642 Tuber
477 1606 610 1640 anale
640 1605 715 1648 jam
749 1605 963 1648 descriptum
998 1607 1061 1637 est.
1132 1601 1273 1647 Corpus
1310 1602 1605 1646 longitudine
1641 1607 1695 1636 est
1723 1603 1741 1637 1
1764 1604 1903 1647 pollicis
1938 1608 1973 1638 et
1998 1604 2126 1640 3-7
2150 1605 2344 1649 linearum3

125 1677 240 1710 cauda
266 1675 325 1708 vel
352 1673 511 1717 corporis
539 1672 760 1717 longitudine
786 1671 845 1705 vel
872 1672 1051 1716 aliquanto
1078 1670 1230 1715 longior.
1284 1669 1459 1714 Corpus
1494 1681 1603 1713 supra
1629 1670 1986 1704 sordide-cinereum
2013 1675 2075 1705 aut
2099 1672 2256 1714 fuscum,
2292 1672 2343 1705 in·

126 1744 182 1777 fra
209 1741 541 1776 sordide-albidum
572 1739 778 1783 (abdomine
805 1742 840 1772 et
867 1739 982 1772 cauda
1008 1738 1159 1780 inferne,
1188 1738 1332 1771 animali
1359 1737 1455 1779 vivo,
1486 1737 1631 1771 dilutius
1658 1738 1716 1771 vel
1743 1739 1937 1772 saturatius
1964 1739 2119 1781 croceis,
2146 1739 2262 1773 rarius
2287 1750 2345 1773 co-

124 1810 292 1852 rallinis),
327 1808 459 1852 ubique
485 1806 635 1840 maculis
662 1806 774 1851 nigris
800 1805 982 1848 rotundis,
1019 1805 1079 1839 vel
1104 1805 1300 1848 majoribus
1328 1807 1363 1838 et
1388 1804 1634 1848 paucioribus,
1670 1805 1728 1838 vel
1752 1805 1949 1839 minoribus
1976 1809 2011 1839 et
2036 1806 2207 1850 pluribus,
2242 1817 2344 1840 orna-

125 1882 200 1911 tum
227 1880 298 1919 est;
330 1875 480 1909 maculis
508 1873 708 1907 abdominis
736 1876 771 1906 et
797 1872 927 1906 cristae
953 1872 1133 1906 inferioris
1162 1870 1300 1905 caudae
1326 1882 1468 1915 semper
1493 1871 1689 1914 majoribus
1716 1882 1822 1916 quam
1846 1872 2014 1917 reliquae.
2067 1871 2212 1918 caput
2237 1884 2346 1919 supra

126 1945 222 1978 vittis
248 1943 272 1977 4
300 1946 361 1976 aut
388 1941 408 1976 5
433 1941 768 1985 longitudinalibus,
803 1939 1092 1983 marginibusque
1118 1939 1367 1980 maxillarum,
1404 1938 1525 1983 nigris.

275 2009 333 2044 De
361 2008 597 2052 Synonymis,
633 2008 678 2040 ad
704 2006 799 2040 hunc
824 2017 959 2040 marem
985 2006 1247 2051 spectantibus,
1289 2005 1465 2050 quaedam
1490 2005 1627 2039 referre
1653 2004 1741 2039 mihi
1773 2005 1896 2040 liceat:

276 2076 443 2111 Triton
468 2074 709 2109 taeniatus
747 2071 949 2108 GRAVENH.
979 2071 1111 2116 Consp.
1149 2073 1277 2106 collect
1302 2083 1336 2117 p.
1362 2071 1433 2106 431
1463 2071 1623 2106 n.5421.
1652 2084 1678 2105 a
1711 2093 1759 2099 —
1801 2071 2108 2107 Salamandra
2141 2073 2347 2108 taeniata

126 2146 308 2181 SCHNEID.
334 2155 368 2188 p.
388 2141 446 2178 58.
498 2142 638 2176 Auctor
664 2141 806 2186 quidem
833 2140 952 2185 digitis
978 2151 1117 2184 ungues
1144 2139 1284 2181 tribuit,
1319 2139 1383 2173 sed
1410 2138 1602 2183 digitorum
1635 2139 1793 2182 ipsorum
1820 2139 1979 2183 apicibus
2006 2139 2242 2184 simplicibus,
2284 2151 2346 2175 cx-

126 2218 181 2247 tra
206 2212 449 2246 membranam
476 2209 668 2254 porrectis,
711 2209 899 2252 deceptus,
935 2219 998 2240 eos
1024 2206 1295 2251 p1·o»unguibus
1322 2205 1446 2239 habuit
1471 2225 1518 2230 —
1552 2204 1641 2239 Mol
1651 2216 1704 2250 gc
1737 2209 1956 2250 punctata
1980 2205 2107 2241 MERR.
2141 2218 2174 2251 p.
2195 2207 2268 2241 186
2294 2228 2343 2233 —

124 2281 285 2315 Salam.
320 2281 539 2323 punctata
572 2276 694 2311 [ΛΤΒ.
732 2275 808 2309 Sal.
837 2286 871 2319 p.
893 2273 951 2308 53.
980 2275 1051 2308 tab.
1070 2272 1145 2317 VI,
1174 2273 1231 2318 fig.
1249 2272 1283 2307 6.
1319 2270 1368 2307 A.
1401 2293 1450 2297 —
1491 2271 1690 2306 Lacerta
1723 2273 1931 2306 taeniata
1964 2273 2089 2307 Womv
2116 2273 2152 2307 in
2178 2273 2343 2308 Srumun

126 2349 239 2382 Faun.
266 2346 347 2388 ΙΙΙ,
382 2346 470 2379 fasc.
495 2343 575 2386 III,
609 2344 681 2377 tab.
708 2342 741 2376 3.
771 2354 796 2376 a
823 2363 871 2367 —
920 2341 1084 2375 Salam.
1116 2340 1283 2385 exigua
1309 2338 1477 2373 RUSCOM
1512 2351 1545 2383 p.
1571 2338 1638 2381 28,
1676 2338 1803 2382 tab.I,
1838 2340 1895 2384 fig.
1916 2341 1933 2374 1
1971 2360 2019 2365 —-
2062 2338 2213 2386 Molge
2255 2341 2342 2386 pal·

127 2419 245 2450 mata
280 2412 410 2447 Manu:
436 2412 600 2446 Salam.
635 2410 859 2454 palmipes
887 2412 922 2442 et
950 2408 1041 2442 Sal.
1070 2408 1257 2452 elegans
1284 2406 1468 2441 DAUmNH
1497 2406 1602 2449 hujus
1629 2406 1761 2450 speciei
1796 2417 1914 2440 mares
1940 2410 2022 2440 sunt
2055 2407 2161 2441 crista
2194 2419 2342 2442 evanes-

127 2486 240 2516 cente.
293 2481 321 2515 F
326 2481 410 2513 ilum
437 2479 574 2524 apicale
602 2478 761 2519 caudae,
790 2476 885 2521 quod
912 2475 1147 2520 palmipede-m
1175 2475 1394 2518 distinguere
1420 2474 1551 2515 fertur,
1586 2473 1672 2506 mihi
1699 2474 1889 2507 admodum
1915 2477 2117 2518 suspectum
2145 2479 2220 2518 est;
2259 2486 2343 2511 nam

129 2551 219 2584 inter
252 2548 368 2592 pluria
401 2546 585 2580 individua
621 2544 780 2578 mascula
805 2543 990 2577 varietatis
1025 2542 1223 2587 sequentis,
1267 2541 1483 2585 epidermidc
1517 2541 1601 2573 laxa
1637 2544 1671 2573 et
1698 2541 1875 2584 disrupta,
1927 2541 2041 2585 qualis
2075 2545 2233 2586 tempore
2266 2554 2343 2587 per-

127 2616 331 2651 mutationis
359 2626 439 2647 esse
467 2614 575 2654 solet,
617 2622 733 2645 unum.
763 2614 817 2643 est
851 2609 952 2653 apice
986 2609 1122 2642 caudae
1157 2608 1401 2642 membranula
1434 2607 1530 2640 tenui
1567 2607 1722 2641 filiformi
1755 2608 1906 2641 flaccida
1932 2611 2056 2651 aucto,
2104 2620 2194 2653 quae
2218 2609 2343 2643 forsan

127 2684 221 2717 idem
248 2686 302 2715 est
328 2693 369 2715 ac
395 2681 493 2714 filum
518 2679 606 2713 illud
633 2677 890 2712 Salamandrae
917 2675 1136 2720 palmipedis.
1189 2674 1277 2708 Icon
1304 2674 1533 2718 palmipcdis,
1567 2673 1603 2707 in
1629 2673 1866 2709 LATnl-:lLLm
1893 2676 1963 2709 tab.
1982 2674 2038 2709 VI
2062 2675 2120 2720 fig.
2144 2675 2177 2709 7.
2202 2673 2250 2709 A.
2279 2687 2340 2710 ex-

126 2750 256 2790 hibita,
284 2749 314 2782 si
336 2748 433 2781 filum
455 2747 540 2780 illud
567 2750 601 2779 et
628 2746 804 2779 abdomen
830 2743 1164 2778 subimmaculatum
1192 2741 1339 2785 excipis,
1369 2741 1499 2785 optime
1527 2752 1606 2774 cum
1632 2745 1754 2774 nostra
1779 2741 1953 2775 varietate
1979 2742 2083 2775 tertia
2109 2742 2273 2775 convenit
2292 2763 2339 2768 —

128 2818 285 2852 SONNIM
314 2815 364 2858 (in
390 2814 482 2849 Ilist.
519 2817 590 2847 nat.
617 2812 738 2856 Rept.)
773 2822 852 2845 cum
879 2810 954 2844 Sal.
989 2810 1188 2854 palmipede
1222 2808 1408 2851 conjunxit
1441 2807 1680 2841 Lacertam
1715 2808 1971 2852 aquaticam
1997 2808 2151 2850 Limam,
2198 2809 2242 2841 de
2269 2820 2339 2853 qua

127 2885 292 2919 conferre
318 2882 409 2916 velis
435 2884 593 2914 nostram
618 2880 828 2913 varietatem
855 2877 1049 2911 secundam
1077 2897 1124 2901 —
1167 2876 1403 2916 Becnsmnv,
1441 2886 1522 2918 pag.
1540 2874 1630 2915 229,
1664 2874 1799 2908 Salam.
1826 2875 2059 2918 palmipedem
2087 2875 2132 2908 ad
2167 2875 2336 2909 taenia-

128 2956 199 2986 tae
233 2961 366 2984 marem
402 2949 522 2983 retulit
556 2968 604 2972 -—
631 2945 798 2980 Ruscom
833 2945 985 2989 denique
1018 2944 1129 2977 refert
1155 2943 1198 2976 de
1233 2942 1491 2975 Salamandrae
1526 2941 1680 2985 exiguae
1714 2952 1829 2983 mare,
1871 2942 2112 2974 membranam
2147 2941 2337 2986 digitorum

127 3019 363 3063 posticorum,
391 3020 549 3059 tempore
576 3025 736 3047 amorum
762 3013 1027 3056 praeterlapso,
1066 3020 1304 3050 evanescere,
1339 3008 1560 3051 caudamque
1587 3007 1746 3041 contrahi
1774 3011 1810 3041 et
1843 3008 1942 3052 apice
1975 3008 2034 3042 filo
2061 3008 2162 3042 brevi
2195 3009 2337 3054 augeri3

128 3086 278 3131 indeque
306 3084 381 3118 Sal.
408 3082 644 3128 palmipedem
671 3080 906 3114 mmmm
943 3089 1023 3112 cum
1049 3088 1148 3111 mare
1175 3075 1433 3110 Salamandrae
1460 3074 1613 3119 exiguae
1634 3074 1762 3119 jungit.

696 3196 726 3226 2.
774 3193 894 3227 Crista
917 3194 1056 3225 dorsale·
1074 3198 1190 3223 erecta
1196 3206 1208 3229 ,-
1241 3191 1367 3235 digitis
1385 3190 1530 3231 posticis
1552 3188 1772 3230 simplicibus.

280 3276 481 3321 Longitu
493 3276 544 3309 do
573 3273 732 3317 corporis
768 3272 786 3305 1
812 3271 951 3315 pollicis
980 3275 1014 3304 et
1046 3269 1157 3303 4—7
1185 3269 1369 3302 linearum.
1436 3265 1563 3300 Gauda
1594 3267 1654 3300 vel
1688 3265 1847 3311 corporis
1873 3266 2110 3312 longitudine,
2147 3266 2204 3299 vel
2229 3266 2336 3310 paulo

129 3343 273 3378 brevior
299 3345 451 3387 paulove
478 3342 620 3387 longior
647 3344 710 3373 est.
764 3338 916 3382 Digiti
948 3336 1074 3381 postici
1101 3337 1159 3369 vel
1186 3336 1328 3369 omnino
1355 3334 1440 3367 nudi
1474 3337 1509 3366 ct
1542 3333 1720 3377 simplices
1746 3337 1845 3375 sunt,
1887 3335 1945 3367 vel
1980 3333 2129 3377 vestigio
2163 3333 2336 3367 membra-

129 3412 236 3444 nulae
263 3410 435 3454 cingentis
462 3410 565 3443 aucti.
620 3407 816 3446 Cristae,
852 3404 1003 3438 dorsalis
1031 3407 1065 3436 et
1091 3404 1280 3443 candales,
1315 3402 1372 3434 vel
1407 3401 1589 3444 eleganter
1615 3404 1755 3433 erectae
1781 3401 1840 3434 vel
1861 3399 2065 3433 humiliores
2095 3403 2185 3432 sunt.
2253 3399 2334 3433 Tu-

136 3480 215 3511 ber
242 3477 373 3510 anale
399 3477 457 3509 vel
491 3477 580 3510 sicut
606 3476 641 3508 in
676 3473 848 3507 varietate
882 3470 1013 3514 prima,
1048 3470 1106 3502 vel
1139 3470 1257 3513 (idque
1284 3467 1473 3512 praecipue
1509 3467 1699 3500 individuis
1726 3467 1813 3507 illis,
1848 3477 1956 3509 quae,
1999 3477 2083 3498 vere
2111 3477 2130 3498 e
2158 3469 2270 3507 terra,
2298 3467 2333 3499 in

132 3556 202 3589 qua
235 3544 509 3587 hyemaverant,
560 3540 784 3586 prorepentia
817 3539 995 3582 ceperam)
1023 3537 1170 3580 spinulis
1198 3540 1258 3569 aut
1293 3534 1434 3568 omnino
1462 3534 1704 3568 deficientibus
1739 3537 1799 3566 aut
1824 3532 2016 3565 minoribus
2053 3536 2086 3565 et
2113 3533 2332 3567 obsoletiori-

199 3610 433 3635 GnAvmffloasr
472 3606 616 3641 Romilia.
1684 3600 1734 3634 20
