2534 3890
944 732 1428 788 GENUS
1543 732 1668 786 xl.

603 915 1719 985 SALAMANDRINA
1815 936 1995 978 Firz.

658 1298 699 1338 1.
789 1296 836 1339 S.
905 1295 1709 1339 PERSPICILLATA
1785 1297 1947 1338 ΕΠΖ.

945 1420 1215 1457 Stdammulra
1243 1422 1515 1470 perspicillala
1548 1422 1654 1457 SAvt.

340 1561 488 1636 Hujus
514 1590 647 1634 speciei
674 1591 895 1625 individuum
921 1590 1064 1624 unicum
1090 1590 1300 1624 FlTZINGER
1326 1590 1403 1635 ipse
1429 1601 1569 1624 mecum
1596 1590 1879 1625 communicavit.

341 1660 532 1706 Specimen
558 1662 735 1701 nostrum,
776 1658 859 1692 licet
884 1658 920 1691 in
946 1658 1073 1702 spiritu
1098 1658 1173 1692 vini
1201 1662 1443 1701 asservatum,
1484 1659 1711 1693 nihilominus
1739 1663 1857 1693 tamen
1883 1659 2037 1704 rigidum
2063 1665 2116 1694 est
2143 1661 2304 1706 adeoque
2331 1673 2406 1696 cor-

190 1733 375 1775 rugatum,
421 1732 460 1762 ut
485 1726 603 1772 potius
630 1727 782 1768 sceleto,
825 1729 906 1760 cute
933 1726 1084 1768 vestito,
1126 1726 1228 1771 spina
1254 1726 1351 1760 dorsi
1377 1726 1485 1760 costis
1518 1737 1584 1760 nec
1610 1738 1681 1760 non
1716 1727 1852 1760 caudae
1885 1728 2057 1762 vertebris
2083 1730 2406 1772 protuberantibus,

189 1798 304 1832 simile
332 1797 378 1831 sit
404 1816 451 1820 —
499 1794 691 1828 Statura
725 1797 760 1827 et
785 1793 967 1837 proportio
994 1794 1147 1838 partium
1173 1793 1266 1827 sicut
1291 1794 1327 1827 in
1361 1793 1661 1828 Salamandra
1707 1798 1814 1827 atra
1855 1798 2065 1839 corrugata,
2107 1796 2224 1829 cauda
2251 1800 2406 1830 attamen

187 1865 298 1899 multo
324 1863 498 1908 longiore.
549 1860 813 1906 Longitudo
851 1860 1029 1905 corporis,
1067 1872 1089 1894 a
1113 1861 1259 1895 naribus
1286 1861 1332 1895 ad
1359 1872 1465 1895 anum
1492 1872 1624 1906 usque,
1662 1860 1726 1902 14,
1755 1862 1891 1894 caudae
1918 1861 1965 1896 23
1991 1862 2175 1896 linearum.
2228 1861 2407 1908 Corpus

187 1936 300 1966 totum
327 1934 362 1965 et
388 1934 486 1964 artus
512 1929 661 1974 ubique,
688 1939 841 1972 superne
868 1931 902 1961 et
927 1928 1085 1970 inferne,
1112 1928 1273 1962 verrucis
1299 1929 1421 1972 parvis
1448 1928 1616 1962 confertis
1642 1928 1782 1970 vestiti3
1824 1929 2002 1972 glandulis
2027 1929 2223 1972 majoribus
2248 1932 2408 1975 perfora-

187 2000 231 2034 tis
258 1998 548 2044 parotidibusque
582 1995 680 2029 nullo
715 1996 821 2029 modo
857 1994 1042 2028 distinctis,
1095 1993 1234 2028 Color
1266 2006 1375 2039 supra
1401 1996 1522 2040 niger:
1567 1994 1683 2039 Caput
1708 1995 1849 2028 macula
1875 1996 2037 2030 verticali
2064 1997 2207 2040 didyma
2240 1999 2408 2032 exalbida

186 2065 378 2111 irregulari
404 2065 495 2098 inter
521 2062 663 2104 oculos,
704 2063 829 2096 subtus
855 2062 1003 2095 maculis
1040 2061 1179 2095 duabus
1206 2062 1296 2096 albis
1330 2065 1412 2096 ante
1445 2062 1615 2096 maxillae
1650 2062 1828 2096 inferioris
1855 2063 2010 2107 apicem:
2051 2062 2184 2098 Pectus
2222 2068 2257 2098 et
2283 2070 2408 2099 venter

188 2135 289 2176 alba,
331 2131 481 2167 maculis
505 2129 618 2175 nigris
644 2128 920 2175 irregularibus:
966 2126 1087 2162 Pedes
1114 2132 1150 2162 et
1175 2129 1291 2163 cauda
1316 2130 1442 2163 subtus
1468 2130 1771 2173 sordide-albidi3
1814 2129 1904 2164 haec
1931 2134 2049 2164 autem
2075 2137 2263 2176 praeterea
2288 2133 2406 2166 lateri-

186 2203 255 2236 bus
282 2199 375 2235 serie
401 2196 650 2243 longitudinali
684 2196 907 2231 macularum
933 2195 1149 2238 albidarum,
1190 2207 1283 2242 quae
1309 2200 1483 2239 attamen,
1529 2197 1664 2242 apicem
1691 2197 1828 2231 caudae
1853 2209 1999 2240 versus,
2041 2210 2122 2232 cum
2148 2199 2268 2233 colore
2294 2201 2405 2245 partis

183 2268 321 2305 inferae
347 2266 485 2301 caudae
518 2265 710 2299 confluunt.

330 2333 509 2374 BARNES‚
549 2332 586 2365 in
612 2330 770 2365 Americ.
797 2329 926 2364 Journ.
962 2330 1003 2364 of
1025 2329 1176 2364 Science
1203 2331 1249 2374 by
1276 2330 1465 2364 SlLLIMAN
1492 2330 1568 2372 XI,
1603 2342 1683 2376 pag.
1702 2331 1794 2373 278,
1829 2331 1912 2365 huic
1938 2332 2082 2366 animali
2115 2333 2241 2367 indidit
2265 2345 2394 2368 nomen

183 2402 466 2438 Seiranotae
502 2398 807 2442 condylurae,
834 2399 978 2441 propter
1004 2397 1188 2430 tubercula
1214 2397 1461 2430 catenisormia
1486 2398 1583 2431 dorsi
1610 2398 1829 2441 (Seiranota)
1858 2402 1893 2431 et
1919 2400 2069 2433 caudam
2095 2401 2269 2435 nodosam
2298 2404 2394 2443 (con-

182 2471 333 2514 dylura).
386 2466 478 2501 Cum
504 2469 623 2500 autem
648 2473 859 2510 persuasum
885 2474 940 2497 me
967 2462 1131 2506 habeam,
1158 2464 1344 2497 tubercula
1370 2464 1439 2497 ista
1465 2467 1499 2497 et
1525 2465 1638 2498 nodos
1666 2465 1700 2498 in
1717 2465 1928 2499 animalibus
1954 2466 2047 2500 vivis
2071 2467 2232 2512 beneque
2258 2469 2399 2502 nutritis

181 2537 278 2572 haud
305 2534 517 2581 conspicuos
544 2544 642 2575 esse,
670 2530 993 2567 denominationem
1019 2530 1295 2565 Bzmmnsmmm
1322 2531 1481 2576 recipere
1508 2532 1616 2565 nolui.
