2534 3890
172 243 264 287 106
866 231 1254 272 EXPLIGATIO
1298 224 1690 268 TABULARUM.

566 359 600 383 c.
645 342 742 391 (tab.
757 343 870 380 XIII
888 343 969 392 fig.
988 342 1081 387 III)
1114 342 1234 385 locus,
1267 342 1329 377 ubi
1354 341 1466 387 hepar
1499 352 1581 376 cum
1606 342 1803 377 ventriculo
1830 342 2056 378 cohaerebat.

568 426 602 450 ο.
643 410 734 458 (tab.
750 410 867 447 XIII
881 408 962 459 fig.
977 409 1061 454 IV)
1095 421 1209 456 rugae
1234 409 1423 444 ventriculi
1447 408 1485 443 in
1509 409 1652 444 faucem
1677 410 1914 445 continuatae.

568 479 607 516 d.
649 477 740 525 (tab.
755 476 873 513 XIII
888 475 969 525 fig.
987 475 1064 521 IV)
1098 477 1249 512 eaedem
1273 487 1385 522 rugae
1411 476 1448 510 in
1472 476 1664 510 cavitatem
1696 476 1769 511 oris
1795 478 2033 512 continuatae.

569 546 657 583 d—
673 558 703 582 e..
745 541 835 589 (tab.
851 543 969 578 XIII
986 542 1067 592 fig.
1084 543 1150 588 ΙΙ)
1177 544 1293 587 linea,
1326 554 1398 589 qua
1422 543 1645 588 peritoneum
1671 554 1752 578 cum
1777 543 1906 589 hepate
1931 548 2121 579 connatum
2148 550 2235 580 erat.

568 626 600 650 e.
642 609 737 657 (rab.
755 610 872 646 XIII
889 608 971 660 fig.
987 609 1031 655 Ι)
1057 611 1177 654 locus,
1205 610 1266 656 qui
1290 610 1472 646 vesiculae
1497 611 1628 647 felleae
1653 610 1691 645 in
1709 610 1822 645 latere
1847 611 1960 647 altero
1985 613 2188 658 respondet.

569 682 594 716 l.
635 679 773 715 orificia
797 689 968 714 vasorum
993 678 1229 714 deferentium
1255 677 1293 712 in
1318 678 1455 714 cloaca.

569 759 618 782 m.
658 757 748 781 vasa
774 746 984 792 sanguifera
1013 745 1230 780 ovariorum.

570 826 608 849 η.
648 813 785 848 orificia
811 813 1042 848 oviductuum
1070 815 1150 856 (seu
1175 815 1359 847 uterorum
1384 807 1541 847 {abulae
1555 810 1688 856 XIII)
1715 811 1752 846 in
1777 811 1910 847 cloaca.

571 893 604 917 o.
648 892 732 927 pars
758 891 891 926 supera
922 880 1153 915 oviductuum
1178 878 1395 923 Molgarum.

567 961 609 995 7²·
650 959 734 994 pars
759 948 876 983 infera
908 947 1141 982 oviductuum
1165 945 1383 994 Molgarum.

572 1027 608 1064 q.
651 1027 722 1051 ova
747 1015 784 1049 in
810 1013 1046 1050 oviductibus.

571 1095 604 1118 r.
647 1082 803 1117 vitellus,

571 1163 600 1185 ⁸.
642 1149 817 1184 orificium
841 1147 1171 1184 infundibuliforme
1196 1147 1440 1182 oviductuum.

572 1221 650 1251 t-
665 1227 704 1252 u.
746 1227 830 1261 pars
856 1227 991 1262 supera
1015 1216 1245 1250 oviductuum
1273 1215 1543 1250 Salamandrae.

570 1295 608 1320 u.
651 1280 749 1328 (sab.
768 1281 891 1327 XVI)
926 1283 1016 1317 rami
1041 1283 1171 1317 interni
1204 1283 1303 1317 vasis
1329 1282 1534 1316 deferentis.

572 1363 606 1385 w
622 1371 670 1376 —
686 1362 713 1386 a
739 1353 776 1385 et
799 1362 834 1384 w
848 1370 896 1375 -—
913 1347 944 1385 b.
987 1361 1073 1395 pars
1098 1349 1216 1385 infera
1250 1349 1479 1384 oviductuum
1506 1348 1776 1383 Salamandrae.

569 1431 608 1464 y.
649 1429 715 1453 vas
741 1417 913 1452 seminale
940 1417 1173 1452 descendens.

572 1497 603 1520 z.
643 1496 734 1520 vasa
758 1484 968 1531 sanguifera
993 1484 1168 1530 peritonei
1200 1487 1340 1518 uterum
1366 1473 1585 1518 obducentis.

651 1587 736 1622 pars
762 1587 893 1622 supera
918 1576 1072 1611 testiculi
1097 1576 1369 1612 Salamandrae.

653 1655 737 1690 pars
763 1644 880 1679 infera
912 1643 1085 1688 ejusdem.

652 1711 833 1756 appendix
858 1711 942 1745 alba
974 1711 1145 1756 ejusdem.

651 1779 832 1824 appendix
856 1779 953 1813 flava
979 1778 1152 1823 ejusdem.

645 1857 735 1880 vasa
760 1845 923 1881 lateralia
951 1843 1190 1889 (seminaliass)
1224 1855 1245 1878 e
1271 1843 1444 1878 testiculis
1478 1842 1639 1877 oriunda.

573 1590 611 1955 sxefflssssb?

603 1938 613 1948 .
646 1912 880 1959 ligamentum
907 1916 987 1957 (seu
1012 1924 1077 1947 vas
1087 1912 1116 1956 ἰ)
1151 1913 1243 1946 inter
1269 1911 1469 1945 testiculum
1496 1921 1665 1955 superum
1691 1913 1726 1944 et
1755 1909 1918 1945 inferum.

574 1979 614 2015 9.
654 1991 745 2014 vasa
771 1980 998 2015 decurrentia
1024 1980 1070 2013 ad
1095 1979 1292 2024 marginem
1319 1989 1456 2012 renum.

575 2058 609 2082 κ.
651 2046 873 2091 epididymis.

578 2126 614 2165 ρ.
655 2113 799 2148 vitellus
825 2114 1005 2148 solitarius
1032 2117 1192 2147 maturus
1218 2113 1255 2146 in
1282 2112 1406 2147 ovario
1433 2111 1692 2147 salamandrae
1726 2111 1910 2158 gravidae.

580 2182 624 2226 φ.
667 2181 868 2216 rudimenta
894 2179 1016 2227 penis?

979 3579 1029 3599 Ex
1067 3578 1260 3600 ormvlh'n
1296 3578 1594 3599 n1RS‹·nFE1.nt¹.
