2534 3890
1042 217 1089 253 Χ.
1142 215 1365 253 MOLGE.
2244 223 2301 266 81

107 334 224 379 majus
250 335 374 369 tubere
400 331 630 371 feminarum,
665 339 730 363 nec
755 328 856 373 rugis
882 327 1097 362 transversis
1124 331 1306 370 ornatum3
1341 326 1501 372 margine
1525 325 1637 360 rimae
1664 327 1838 363 crassiore
1865 333 1900 365 et
1925 330 2128 373 crenulato,
2161 330 2252 366 sicut
2277 332 2312 366 in

107 403 265 437 maribus
291 400 509 441 immaturis,
537 407 645 442 supra
666 396 743 440 jam
769 395 973 440 descriptis,
1000 395 1121 428 itidem
1146 394 1241 428 linea
1264 394 1404 427 elevata
1428 394 1536 428 medii
1562 393 1658 428 dorsi
1685 395 1844 429 obsolete
1870 397 2314 433 cinereo-coeruleo-ma-

110 470 230 504 culata
256 473 311 503 est
336 489 384 493 —
427 466 485 501 De
511 465 591 499 loco
617 464 727 498 natali
754 464 904 498 duorum
931 462 1196 496 individuorum
1222 461 1405 495 varietatis
1432 461 1557 505 hujus,
1598 472 1690 507 quae
1715 461 1752 495 in
1777 466 1897 497 nostro
1923 475 2046 499 museo
2074 469 2315 509 asservantur,

109 537 216 582 plane
241 535 384 570 nescius
410 544 499 568 sum.

260 601 453 638 Individua
485 599 576 634 haec
609 599 744 632 incerta
775 607 840 641 pro
874 606 962 629 vera
996 594 1197 629 Lacerta
1230 594 1416 639 vulgari
1449 594 1584 628 me
1618 594 1753 639 habeo,
1798 607 1904 641 quam
1937 596 2078 642 quidem
2101 597 2319 634 Bsscnsrm

114 670 245 716 aliique
271 670 318 703 ad
343 668 512 704 feminam
538 664 721 710 Molges
746 666 992 709 punctatae
1021 661 1285 705 (taeniatae)
1314 660 1483 695 adhibent
1508 680 1555 686 —
1590 661 1920 697 Salamandrae
1956 663 2154 708 exiguae
2187 667 2322 700 femina

113 737 297 772 Ruscomn
323 747 404 781 pag.
420 734 480 777 29,
508 734 578 768 tab.
594 732 625 775 Ι,
652 732 710 776 fig.
730 732 753 766 2
779 732 903 766 forsan
930 730 977 763 ad
1001 728 1092 763 hacc
1113 739 1254 774 quoque
1279 728 1471 762 referenda
1497 731 1550 761 est
1567 748 1615 753 —
1647 728 1860 772 Quaeritur,
1889 741 1935 763 an
1961 730 2031 764 sint
2057 732 2233 775 species
2259 744 2321 778 pe-

117 803 335 838 culiaris?
369 814 416 836 an
434 801 618 835 individua
636 800 826 833 immatura
848 797 1034 840 cujusdam
1057 796 1190 840 speciei
1207 795 1364 838 majoris,
1391 795 1517 829 forsan
1542 793 1718 840 Molges
1745 797 1968 840 palustris
1996 797 2175 840 (cristatae
2195 798 2324 842 auct.)2

116 870 186 905 hoc
212 875 332 905 autem
357 869 421 904 vix
447 868 575 910 credo,
618 877 699 900 cum
724 864 867 909 Molges
893 863 1061 908 palustris
1088 863 1282 907 specimina
1303 862 1466 905 juniora,
1508 861 1563 895 his
1590 861 1780 897 individuis
1813 863 1954 898 incertis
1987 865 2143 907 minora,
2178 866 2328 910 palustri

117 938 346 973 nihilominus
371 937 482 971 multo
510 934 701 974 similiora,
735 942 856 965 coram
882 930 1044 964 habeam.
1098 928 1239 974 Corpus
1264 929 1507 973 magnitudine
1534 929 1682 973 aequale
1710 933 1762 962 est
1779 928 1925 974 Molgae
1951 932 2129 965 taeniatae
2154 936 2327 976 maturae,

116 1006 236 1040 colore
264 1007 383 1038 autem
408 1001 601 1046 respondet
626 997 817 1032 individuis
844 997 1059 1039 immaturis3
1093 996 1209 1029 differt
1237 995 1344 1029 etiam
1369 999 1507 1029 statura
1530 995 1731 1029 robustiore
1759 999 1794 1029 et
1819 998 1933 1030 cauda
1958 998 2132 1032 torosiore
2159 1010 2181 1032 a
2206 998 2330 1045 Molge

116 1071 282 1106 taeniata.
350 1069 441 1103 Inde
475 1068 554 1101 aliis
587 1067 710 1101 forsan
745 1065 920 1109 placeret,
964 1063 1151 1097 individua
1186 1066 1310 1096 nostra
1346 1063 1482 1096 incerta
1506 1073 1571 1107 pro
1606 1063 1724 1106 specie
1757 1064 1948 1107 peculiari,
1988 1069 2050 1099 aut
2081 1077 2145 1109 pro
2176 1067 2332 1110 genuina

120 1138 273 1183 Molge
307 1136 493 1171 cinerea
518 1133 718 1168 MERREMH
744 1131 897 1173 habere,
933 1130 991 1165 cui
1018 1134 1138 1164 autem
1171 1141 1218 1163 ex
1245 1130 1409 1164 omnibus
1434 1129 1657 1173 synonymis,
1699 1140 1721 1163 a
1746 1129 1953 1164 MERREMlo
1988 1131 2034 1165 ad
2067 1133 2244 1167 cineream
2270 1134 2332 1168 ad·

119 1205 258 1248 hibitis,
292 1204 448 1245 nullum,
481 1205 625 1247 praeter
651 1199 892 1235 Lacertam
927 1198 1162 1242 vulgarem
1193 1196 1349 1239 lex‘m,
1391 1197 1633 1241 responderet.

270 1282 579 1328 Descriptionibus
605 1279 871 1314 individuorum
896 1277 1003 1321 hujus
1038 1276 1171 1321 speciei
1198 1275 1353 1310 examini
1388 1275 1631 1320 comparativo
1666 1276 1869 1318 submissis,
1903 1276 2121 1320 videbimus,
2160 1278 2336 1324 quaedam

123 1363 247 1387 eorum
273 1361 423 1395 corpore
450 1359 530 1383 esse
556 1346 779 1393 proceriore,
806 1345 983 1390 quaedam
1009 1343 1205 1387 crassiore3
1230 1343 1322 1377 haec
1347 1354 1560 1385 verrucosa,
1598 1343 1660 1376 illa
1684 1343 1796 1387 levia,
1823 1343 1901 1378 aliis
1927 1348 2032 1388 caput
2059 1356 2138 1378 esse
2164 1346 2336 1387 obtusius,

123 1420 203 1454 aliis
230 1418 388 1461 acutius;
427 1416 483 1451 his
509 1415 619 1460 pedes
647 1413 879 1459 graciliores,
913 1412 984 1446 illis
1011 1411 1225 1453 crassiores,
1261 1414 1347 1453 etc.;
1383 1414 1464 1444 ante
1492 1410 1611 1444 omnia
1637 1414 1754 1444 autem
1781 1410 1937 1444 colorem
1970 1415 2005 1445 et
2030 1412 2203 1456 picturam
2227 1417 2339 1447 muta-

123 1487 320 1521 bilitatibus
345 1483 511 1519 maximis
539 1482 715 1517 obnoxios
742 1491 834 1514 esse.
891 1478 967 1513 Sed
993 1489 1118 1512 omnes
1144 1477 1213 1512 hae
1240 1477 1462 1511 differentiae
1496 1477 1628 1511 sensim
1662 1477 1865 1522 sensimque
1897 1482 2157 1513 commutantur
2189 1483 2224 1513 et
2249 1480 2340 1514 inter

126 1566 166 1589 sc
191 1555 394 1594 transcunt,
428 1551 596 1595 nulloque.
622 1549 728 1583 modo
756 1547 982 1582 characteres
1008 1545 1129 1579 firmos
1162 1556 1338 1579 novarum
1370 1544 1571 1589 specierum
1604 1544 1833 1589 suppeditare
1859 1549 2018 1590 possunt.

274 1632 374 1667 Inter
400 1629 545 1675 Molgas
571 1627 874 1669 MannmnANAs,
909 1625 1094 1659 cinerea
1127 1628 1345 1670 punctata
1378 1628 1413 1658 et
1444 1624 1641 1669 palmata
1673 1624 1719 1658 ad
1751 1623 1844 1658 hanc
1876 1628 2035 1659 nostram
2061 1625 2218 1670 speciem
2243 1636 2342 1670 spec·

125 1704 212 1735 tant.
264 1697 317 1733 M.
347 1697 549 1739 cinerea,
584 1695 749 1740 diagnosi
775 1697 809 1728 et
836 1692 1090 1737 descriptione,
1132 1696 1258 1727 exacte
1285 1692 1438 1737 quadrat
1470 1692 1517 1725 ad
1542 1691 1727 1725 individua
1752 1691 1905 1735 incerta,
1940 1693 2005 1726 sub
2032 1703 2066 1727 n.
2088 1691 2123 1727 V
2156 1693 2343 1737 descripta,

127 1768 256 1814 quibus
282 1765 412 1810 reliqui
436 1775 554 1799 mares
581 1766 617 1797 et
642 1761 797 1797 feminae
824 1760 1021 1802 immaturi,
1055 1760 1121 1794 sub
1147 1771 1182 1794 n.
1199 1758 1256 1794 IV
1283 1762 1318 1793 et
1342 1758 1421 1802 III,
1462 1759 1585 1793 forsan
1613 1759 1719 1792 etiam
1744 1758 1901 1792 feminae
1929 1759 2071 1793 adultae
2104 1759 2199 1794 infra
2224 1760 2345 1793 imma-

127 1836 286 1877 culatae,
325 1834 390 1867 sub
417 1831 528 1873 n.11,
558 1830 580 1865 3
608 1829 828 1873 descriptae,
855 1827 1056 1861 consociari
1087 1830 1227 1872 queant.
1280 1825 1332 1860 M.
1366 1829 1582 1871 punctata
1622 1826 1666 1859 ad
1693 1837 1810 1859 mares
1844 1826 1985 1860 adultos
2011 1830 2188 1869 maturos,
2229 1826 2347 1871 digitis

129 1901 366 1946 simplicibus,
401 1900 467 1934 sub
494 1910 528 1932 n.
546 1897 565 1931 I
591 1897 615 1931 2
640 1900 675 1930 et
701 1896 724 1931 3
751 1894 1046 1939 comprehensos,
1079 1905 1145 1928 nec
1171 1905 1242 1927 non
1270 1894 1316 1927 ad
1341 1893 1493 1927 feminas
1528 1893 1668 1926 adultas
1693 1896 1871 1934 maturas,
1907 1893 1972 1926 sub
1999 1904 2032 1926 n.
2050 1892 2091 1926 II
2119 1893 2137 1927 1
2157 1897 2191 1927 ct
2207 1893 2248 1936 2,
2287 1894 2347 1927 ad-

127 1969 283 2003 hibenda
311 1971 375 2002 est.
436 1965 488 2000 M.
521 1964 719 2009 palmata
752 1963 798 1996 ad
824 1973 940 1995 mares
967 1961 1126 2003 adultos,
1176 1961 1294 2005 digitis
1328 1960 1474 2004 posticis
1507 1961 1715 1993 membrana.
1748 1960 1878 2001 auctis,
1920 1960 1986 1993 sub
2012 1959 2099 2002 n.I,
2129 1960 2161 1994 1.
2202 1981 2249 1985 —
2289 1959 2347 1993 De

129 2036 263 2081 Molgis
291 2035 441 2068 aliorum
475 2036 677 2072 auctorum,
720 2041 742 2063 a
767 2028 975 2063 MERREMIO
1003 2028 1049 2061 ad
1074 2028 1140 2061 has
1179 2031 1251 2061 tres
1288 2028 1426 2072 species
1454 2027 1636 2072 allegatis,
1678 2027 1842 2061 conferre
1875 2026 1965 2060 velis
1999 2037 2090 2071 quae
2119 2027 2194 2070 jam
2228 2027 2264 2060 in
2290 2027 2348 2060 de-

130 2102 379 2149 scriptionibus
405 2101 559 2136 marium
587 2105 621 2132 et
646 2097 878 2140 feminarum,
913 2099 985 2129 tam
1010 2098 1231 2129 maturarum
1259 2105 1364 2139 quam
1397 2094 1685 2135 immaturorum,
1729 2093 1890 2137 exposui.

921 2465 965 2507 2.
1055 2463 1560 2506 M.1GNEA.

365 2598 383 2630 l
393 2595 501 2631 'mula
528 2592 865 2641 sublongiaseula,
904 2588 1103 2625 abdomine
1130 2588 1363 2623 mammiaco
1390 2588 1654 2631 immrwnlam,
1694 2585 1878 2622 latex-ihm
1904 2584 2128 2634 snbglaum'x

965 2657 1079 2703 nigro
1089 2655 1318 2702 -γηηιθΐαΐῐδ,
1359 2655 1522 2688 BECHST.

693 2792 993 2827 Salalnandra
1020 2790 1235 2835 aquatica
1268 2788 1430 2823 RVURFB.

793 2879 889 2884 —-—-—-
1019 2856 1240 2902 alpestris
1276 2855 1392 2890 Scux.

792 2947 888 2952 —-—
1017 2924 1265 2958 VVunrnAan
1298 2923 1465 2956 Sos-mm.

793 3014 888 3018 —-—
1021 2992 1170 3025 cincta
1210 2989 1333 3024 LATn.

795 3081 891 3085 ——
1020 3057 1333 3092 rubriventris
1368 3055 1494 3090 ΒΑΜ).

795 3148 893 3152 ——
1023 3126 1157 3170 ignca
1189 3123 1354 3158 Bacus‘r.

696 3195 860 3229 Triton
887 3192 1126 3238 alpestris,
1169 3190 1417 3224 Wunrmmn
1450 3193 1484 3221 et
1517 3187 1913 3221 salmnandroidvs
1956 3187 2077 3221 Lacu.

698 3261 851 3306 Molgc
886 3259 1104 3305 alpestris
1142 3262 1177 3292 et
1210 3257 1457 3291 qunrssAlxu
1491 3254 1617 3288 Manu.

297 3407 449 3442 Plurimi
475 3411 639 3441 auctores
666 3415 799 3439 marem
826 3407 860 3436 et
886 3402 1055 3437 feminam
1090 3400 1196 3443 hujus
1230 3398 1363 3443 speciei
1398 3409 1461 3441 pro
1488 3396 1674 3440 speciebus
1708 3397 1844 3429 duabus
1877 3394 2112 3440 peculiaribus
2140 3392 2348 3425 habuerunt.

149 3476 366 3510 BECHSTEIN
394 3474 526 3519 primus
553 3475 675 3507 ambas
702 3473 737 3505 in
762 3482 870 3504 unam
897 3469 1051 3514 speciem
1077 3467 1224 3511 redegit.
1276 3465 1366 3498 Mihi
1393 3475 1551 3508 quoquc,
1595 3464 1685 3497 inter
1717 3474 1881 3507 magnam
1907 3461 2166 3495 individuorum
2199 3457 2348 3502 copiam,

154 3554 277 3577 onmes
302 3541 486 3586 Molgae
511 3540 759 3574 WURFBAINH
787 3541 868 3573 sunt
894 3547 1059 3577 mares,
1095 3545 1218 3568 omnes
1252 3532 1477 3576 alpcstres
1510 3534 1628 3564 autem
1662 3530 1866 3564 feminae.

225 3607 462 3634 GflAvmuionsr
486 3604 633 3640 Reptilia.
1702 3595 1748 3629 21
