2632 3890
1106 170 1137 205 L
1187 171 1362 207 HYLA.
2285 179 2346 223 25

136 279 272 314 Latera
296 280 457 314 verrucis
483 279 587 323 plane
614 281 747 311 carent.
800 276 932 312 Pectus
959 283 1086 314 venter
1112 283 1147 312 et
1172 280 1350 315 femorum
1384 293 1468 326 pars
1494 281 1610 316 infera
1636 293 1749 327 aeque
1774 294 1969 320 verrucosa
1994 289 2076 321 sunt
2101 299 2143 321 ac
2176 285 2214 321 in
2239 289 2354 322 varic·

139 350 211 380 tate
236 347 275 389 1,
316 348 463 381 maxilla
488 345 638 379 inferior
665 349 784 378 autem
812 349 847 378 et
882 346 1011 380 collum
1037 348 1172 390 absque
1204 348 1377 382 verrucis.
1430 348 1630 384 Vesicae
1662 350 1829 385 laterales
1856 354 1980 396 capitis
2008 355 2145 388 desunt.

287 413 346 449 De
373 413 576 458 synonymis
603 412 709 455 hujus
736 412 867 456 speciei
893 414 1069 457 quaedam
1094 414 1273 447 monenda
1299 418 1398 448 sunt:
1443 415 1572 450 Rana
1597 418 1740 451 boans
1767 417 1876 452 LINN.
1904 419 2000 462 Syst.
2029 422 2084 455 ed.
2102 420 2191 456 XII.
2218 434 2252 466 p.
2270 420 2355 466 358,

140 492 174 515 n.
194 481 241 515 17
268 481 480 515 describitur
505 479 654 524 pedibus
681 480 845 513 omnibus
871 481 1048 524 palmatis,
1075 492 1225 524 corpore
1251 492 1382 526 magno
1410 483 1509 525 albo,
1536 485 1685 518 maculis
1711 485 1847 518 lacteis.
1899 484 2003 519 Rana
2029 487 2180 523 Amoen.
2209 490 2308 524 acad.
2325 490 2356 531 I,

140 546 283 593 p.285,
326 547 419 589 n.8,
462 557 483 580 a
509 546 654 580 LINNEO
690 548 735 580 ad
768 547 866 579 illam
901 547 1077 589 adhibita,
1120 547 1247 591 palmis
1283 551 1337 582 est
1371 548 1482 591 fissis,
1524 551 1652 594 plantis
1686 552 1868 596 palmatis,
1912 553 2032 586 colore
2066 554 2194 597 livido,
2235 557 2358 591 fasciis

141 615 311 649 obsoletis
339 614 489 648 cinereis
515 614 692 648 femorum
726 614 892 647 tibiarum
920 617 954 647 et
989 613 1349 658 hypochondriorum.
1412 615 1553 650 Ambae
1582 622 1700 652 autem
1734 619 1798 655 vix
1824 620 1870 653 ad
1903 630 2012 653 unam
2037 621 2254 666 eandemque
2281 635 2358 668 spe-

142 683 233 716 ciem
259 682 385 716 referri
411 685 578 726 possunt3
629 682 694 715 sed
721 681 800 724 illa,
842 681 879 714 in
905 685 1097 724 systemate
1125 682 1303 726 descripta
1332 683 1399 725 (ad
1424 694 1529 727 quam
1555 684 1802 728 nihilominus,
1844 690 1986 731 praeter
2012 686 2136 720 SEBAE
2153 687 2183 721 I.
2211 690 2281 724 tab.
2300 691 2358 733 72,

141 749 220 794 Fig.
238 749 280 791 3,
324 749 430 782 etiam
456 749 527 782 tab.
547 748 615 791 71,
644 748 722 793 rig.
742 748 764 782 3
793 752 828 781 et
852 747 895 790 4,
937 749 1063 793 palmis
1089 748 1201 791 fissis,
1245 750 1456 793 laudantur)
1493 754 1590 784 recte
1618 762 1640 784 a
1665 751 1871 789 MERREMIO
1900 755 1945 787 ad
1973 752 2246 789 Calamitam
2271 758 2359 800 pal-

140 821 302 851 matam
329 816 526 859 adhibitur,
568 817 681 849 altera
707 819 845 857 autem,
887 815 924 848 in
951 815 1105 849 Amoen.
1134 817 1234 850 acad.
1263 817 1460 861 descripta,
1504 828 1594 850 vera
1619 818 1761 852 boans
1789 832 1869 853 esse
1895 821 2102 854 videtur—
2135 822 2232 866 Hyla
2256 834 2361 868 quam

142 883 262 923 SEBA,
305 882 349 915 in
384 882 514 916 Tomi
541 881 590 924 Ι.,
634 883 720 915 tab.
749 881 815 923 72,
860 881 941 925 Fig
968 881 992 914 4
1027 882 1208 925 exhibuit,
1252 884 1417 917 fortassis
1445 885 1491 917 ad
1516 885 1728 918 varietatem
1753 885 1771 919 1
1801 887 1961 921 adhiberi
1987 892 2127 932 posset,
2169 890 2233 923 sed
2260 891 2361 935 digiti

140 950 268 994 postici
295 949 358 985 toti
384 949 507 990 liberi,
543 960 692 993 quorum
719 948 821 981 SEBA
849 948 956 981 etiam
982 948 1019 981 iu
1046 952 1146 982 textu
1172 950 1389 984 mentionem
1414 951 1519 993 facit,
1557 951 1654 985 haud
1681 952 1800 996 digitis
1826 958 1969 987 nostrae
1996 955 2102 998 hylae
2127 958 2360 1001 respondent3

142 1017 293 1062 denique
320 1017 401 1049 icon
427 1019 502 1049 tota
528 1016 634 1049 valde
662 1015 770 1048 dubia
797 1018 860 1049 est.
930 1013 1055 1049 Rana
1088 1017 1316 1050 venulosa
1350 1017 1551 1051 Limam-1
1579 1022 1614 1052 et
1642 1017 1830 1061 Gnfflm,
1875 1021 1920 1053 ad
1946 1021 2044 1054 illam
2070 1022 2194 1056 SEBAE
2222 1024 2361 1059 iconem

140 1084 273 1125 relata,
316 1084 442 1116 iisdem
469 1083 585 1116 dubiis
612 1083 762 1116 laborat.
814 1082 1018 1116 LACEPEDE
1046 1083 1185 1117 iconem
1213 1085 1363 1117 eandem
1390 1096 1470 1118 cum
1496 1085 1540 1118 la
1575 1086 1852 1120 reticulaire
1879 1088 2081 1132 conjunxit,
2124 1100 2229 1134 quam
2254 1090 2360 1125 Mim-

141 1160 218 1185 REM
245 1151 292 1185 ad
317 1150 410 1184 hanc
435 1150 591 1194 speeiem
618 1150 769 1194 allegat3
811 1150 876 1183 sed
911 1150 1024 1183 verba
1049 1149 1331 1184 LACEPEDEANA
1367 1163 1434 1185 nec
1461 1153 1507 1186 ad
1534 1152 1667 1196 IIylam
1693 1153 1876 1188 SEBANAM
1910 1165 1978 1188 nec
2013 1156 2057 1188 ad
2084 1160 2242 1191 nostram
2275 1170 2359 1203 qua-

140 1219 307 1252 drant—
341 1217 467 1251 Rana
500 1217 793 1262 squamigera
818 1216 1059 1251 YVALBAUMH
1086 1218 1150 1252 vix
1175 1217 1246 1251 huc
1270 1219 1400 1251 referri
1425 1223 1555 1264 potest.
1608 1220 1829 1255 Scuusmna
1856 1221 2015 1266 quidem,
2043 1223 2144 1266 cujus
2172 1225 2360 1270 descriptio

140 1285 396 1320 calamitae
436 1284 620 1319 boantis
665 1284 796 1328 optime
829 1295 910 1317 cum
943 1288 1067 1318 nostra
1094 1284 1190 1329 Hyla
1223 1286 1405 1329 congruit,
1453 1298 1619 1331 squamas
1657 1288 1753 1322 illius
1788 1288 1915 1322 Ranae
1943 1288 2182 1324 WVALBAUMH
2217 1293 2360 1328 animali

140 1353 362 1388 extrinsecus
390 1364 429 1386 se
456 1352 682 1394 adhaesisse,
729 1363 795 1385 nec
823 1351 856 1384 ei
891 1352 1031 1385 innatas
1065 1363 1165 1394 esse,
1209 1353 1382 1395 ostendit,
1431 1354 1559 1387 deinde
1588 1354 1695 1388 etiam
1731 1359 1866 1398 assert,
1898 1367 2023 1389 ranam
2049 1355 2288 1392 lVALBAUMu
2316 1361 2361 1394 ad

139 1420 216 1455 Cal.
242 1420 410 1454 boantem
436 1420 566 1453 roferri
592 1418 744 1462 debere,
777 1419 843 1453 sed
868 1420 1008 1463 palmae
1036 1419 1069 1452 ei
1096 1422 1179 1452 sunt
1205 1419 1494 1463 semipahnatae,
1532 1421 1675 1465 plantae
1701 1426 1821 1456 autem
1847 1423 2042 1467 palmatae,
2071 1435 2150 1457 cum
2177 1425 2213 1458 in
2238 1430 2361 1461 nostro

138 1488 280 1532 plantae
307 1488 594 1531 semipalmatae,
636 1488 776 1531 palmae
803 1487 1049 1530 sabpalmatae
1076 1487 1162 1529 siut,
1205 1487 1413 1521 membrana
1439 1489 1636 1532 palmarum
1663 1489 1754 1522 adeo
1782 1490 1902 1532 brevi,
1942 1494 1981 1524 ut
2015 1491 2157 1535 quidam
2184 1497 2360 1537 auctores,

139 1566 173 1589 v.
202 1567 232 1589 c.
260 1553 415 1588 DAUD1N
443 1558 477 1587 et
503 1554 746 1596 LATRmLLE,
788 1554 918 1597 digitos
946 1553 1083 1587 anticos
1109 1553 1250 1598 penitus
1280 1554 1385 1588 fissos
1412 1556 1627 1589 describant.
1682 1554 1832 1590 Pictura
1858 1557 1964 1590 etiam
1990 1556 2095 1591 Rana
2121 1558 2361 1595 lVALBAUMn

140 1634 162 1656 a
194 1625 318 1655 nostra
352 1622 470 1666 specie
506 1621 623 1654 differt
662 1641 710 1645 ——
765 1620 882 1664 Hyla
921 1621 1148 1654 venulosa
1182 1621 1421 1656 LATREILLEI
1459 1626 1495 1655 et
1526 1621 1711 1656 DAUDINH
1747 1624 1879 1667 optime
1920 1612 1969 1657 adv
1999 1629 2157 1659 nostram
2192 1628 2361 1673 quadrat.;

140 1689 295 1724 DAUIMN
328 1689 474 1733 insuper
507 1689 647 1722 iconem
682 1688 883 1732 elegantem
909 1688 1018 1721 maris
1056 1689 1177 1722 edidit.
1229 1688 1454 1723 LATREILLE
1490 1690 1574 1723 citat
1608 1690 1652 1723 la
1691 1691 1985 1734 reticulaire,
2027 1703 2116 1736 quae
2150 1693 2227 1727 sine
2253 1695 2360 1729 dubio

142 1758 183 1791 la
216 1757 491 1792 reticulairc
527 1755 713 1790 DAunmu
742 1759 814 1797 est,
849 1766 955 1799 quam
981 1754 1039 1789 hic
1067 1759 1192 1789 auctor
1218 1756 1327 1789 latine
1361 1757 1630 1790 venulosam
1662 1761 1861 1801 nuncupat,
1899 1770 1982 1791 nam
2007 1759 2050 1792 la
2085 1760 2361 1796 reticulaire

140 1824 374 1865 LACEPEDEI,
416 1827 455 1857 ut
485 1823 561 1867 jam
586 1822 726 1864 monui,
767 1821 837 1856 huc
863 1822 960 1856 haud
986 1826 1150 1866 spectare
1177 1823 1329 1856 videtur.
1381 1822 1603 1857 LATREILLE
1636 1828 1671 1857 et
1696 1824 1852 1858 DAumN
1879 1829 2004 1869 putant
2030 1826 2154 1869 etiam,
2199 1827 2359 1872 Hylam

142 1892 422 1925 tibiatricem
449 1894 483 1924 et
520 1890 837 1924 aurantiacam
868 1890 917 1933 (la
942 1890 1043 1923 raiae
1076 1890 1229 1923 fluteusc
1264 1894 1299 1923 et
1325 1890 1494 1935 orangee)
1522 1889 1811 1934 DAUBENTOMI,
1838 1892 2055 1926 LACEPEDEl
2084 1897 2119 1926 et
2144 1894 2359 1930 LAURENTH

142 1961 200 1998 (ab
238 1959 509 1992 aurantiaca
542 1956 727 1991 DAissnlxll
757 1960 791 1990 et
817 1955 1016 1990 MERREMH
1044 1957 1237 2000 diversam)
1276 1958 1321 1990 ad
1348 1957 1440 1991 hanc
1468 1958 1625 2001 speeiem
1657 1959 1786 1993 referri
1812 1970 1918 2003 posse
1940 1979 1989 1984 —
2026 1958 2198 2004 GMELIN,
2232 1962 2269 1996 in
2304 1964 2359 1998 ed.

140 2027 249 2062 Lllx'N.
283 2037 317 2070 p.
337 2023 452 2068 1055,
486 2024 605 2067 n.17‚
648 2035 728 2058 cum
763 2024 930 2057 boante
977 2035 1049 2057 non
1083 2025 1200 2057 solum
1235 2025 1549 2058 aurantiacam
1585 2024 1823 2068 LAURENTH,
1876 2027 1941 2060 sed
1975 2028 2187 2070 pravissime
2220 2040 2358 2074 quoque

140 2094 335 2127 lacteam
361 2093 522 2136 ejusdem
548 2091 723 2128 auctoris,
752 2091 946 2134 conjunxit.
1000 2090 1058 2124 De
1096 2091 1250 2124 lactea
1277 2092 1442 2124 conferre
1470 2091 1560 2125 velis
1588 2103 1680 2136 quae
1706 2093 1771 2126 sub
1799 2097 2016 2136 punctata
2043 2098 2077 2127 et
2102 2094 2359 2139 hypochon-

142 2161 282 2194 driali
313 2161 466 2193 monebo
484 2180 530 2183 —
557 2158 780 2192 LATRfflLLE
816 2157 929 2200 (llis-t.
959 2157 1067 2201 Rept.
1086 2157 1161 2199 IV,
1197 2168 1278 2201 pag.
1297 2158 1388 2200 172)
1418 2158 1568 2191 tentavit
1593 2158 1811 2192 differentias
1838 2159 2022 2204 specificas
2057 2163 2358 2197 aurantiacae

141 2226 399 2262 tibiatricis
434 2230 470 2260 et
502 2226 757 2259 venulosae
792 2236 992 2269 exponere,
1035 2236 1126 2269 quae
1152 2225 1239 2258 mihi
1264 2236 1352 2258 vero
1378 2224 1475 2258 haud
1501 2225 1682 2258 sufficiunt
1703 2245 1751 2251 —
1784 2225 1941 2260 DAUDm
1976 2227 2259 2263 tibiatriccm
2293 2242 2357 2275 pro

139 2307 239 2330 mare
266 2294 432 2328 decolore
458 2293 728 2334 venulosae,
771 2303 879 2325 aura
889 2292 1087 2326 ntiacam
1121 2295 1240 2325 autem
1266 2303 1331 2335 pro
1359 2292 1436 2335 ejus
1463 2292 1597 2325 femina
1622 2292 1748 2335 habet,
1786 2293 1952 2327 adhibitis
1978 2294 2139 2329 iconibus
2157 2295 2196 2337 1,
2223 2296 2246 2331 2
2274 2301 2309 2331 et
2335 2297 2357 2332 3

141 2374 161 2397 e
189 2363 314 2397 SEBAE
339 2361 359 2396 I
395 2362 466 2395 tab.
490 2360 557 2402 71,
610 2371 701 2405 quae.
728 2360 805 2393 sine
833 2359 941 2392 dubio
969 2359 1180 2393 venulosam
1215 2362 1374 2392 nostram
1407 2362 1678 2402 repraesentant
1702 2378 1751 2384 ——
1793 2359 1963 2394 Mannum
2005 2362 2289 2397 tibiatricem
2323 2369 2358 2398 et

142 2430 453 2464 auu-antiacam
479 2427 765 2469 DAIJBENTONH,
793 2426 1011 2461 LACEPEDEI
1040 2430 1075 2460 et
1100 2426 1338 2468 LAURENTH,
1366 2427 1432 2459 sub
1460 2426 1604 2459 nomine
1631 2427 1860 2469 tibicinis,
1889 2428 1925 2461 in
1952 2429 2105 2472 speciem
2128 2431 2356 2474 peculiarem,

141 2509 164 2532 a
189 2497 363 2531 venulosa
390 2494 583 2537 (Calamita
609 2495 752 2537 boante)
788 2494 986 2536 diversam,
1024 2494 1226 2536 conjunxit,
1271 2493 1364 2526 notis
1399 2493 1609 2527 distinctivis
1635 2494 1671 2527 in
1698 2494 1835 2538 palmas
1860 2495 1964 2529 fissas
1991 2499 2027 2529 et
2052 2507 2282 2531 verrucarum
2308 2500 2356 2531 la-

142 2565 304 2598 teralium
337 2564 448 2597 series
482 2562 617 2607 positis.
688 2561 808 2604 Supra
841 2565 977 2602 autem,
1020 2561 1056 2593 in
1091 2560 1327 2604 descriptione
1359 2564 1563 2594 nostrorum
1597 2561 1845 2604 speeiminum,
1890 2566 1925 2596 et
1957 2562 1994 2595 1'11
2026 2567 2112 2596 nota
2145 2565 2189 2597 ad
2217 2564 2356 2599 Ranam

141 2631 401 2676 squamigeram
434 2630 693 2670 VVALBAUMH,
738 2627 966 2672 ambiguitate
1000 2627 1128 2660 horum
1156 2627 1401 2660 characterum
1431 2627 1507 2670 jam
1542 2628 1710 2670 probata,
1752 2628 1803 2661 nil
1830 2632 1901 2672 cst,
1939 2630 2033 2673 quod
2058 2642 2114 2664 me
2140 2631 2354 2675 prohiberet,

142 2697 354 2732 Calamitam
380 2697 558 2731 tibicinem
574 2695 771 2729 MERREMH
799 2706 880 2728 eum
905 2698 1029 2728 nostra
1055 2694 1174 2738 specie
1202 2694 1430 2738 conjungere.
1484 2692 1591 2727 OKEN
1620 2694 1726 2727 etiam
1752 2698 1871 2739 putat,
1900 2697 2126 2739 boantem,
2157 2698 2353 2731 tibiatri-

143 2777 234 2800 cem
261 2769 296 2798 ct
322 2765 637 2798 aurantiacam
659 2763 861 2807 jungendas
884 2773 1023 2795 essc—
1048 2761 1251 2795 LAL'RENT1
1278 2761 1559 2795 tibiatricem
1586 2762 1771 2805 descripsit
1788 2762 1929 2806 quidem
1948 2763 2067 2796 colore
2085 2764 2354 2807 dilate—lacteo,

140 2833 203 2867 ubi
239 2833 340 2866 SEBA
366 2831 404 2873 I,
439 2833 509 2865 tab.
536 2831 581 2865 71
624 2830 701 2875 Fig.
732 2829 751 2863 1
782 2833 817 2863 et
843 2829 887 2870 2,
934 2829 1093 2862 colorem
1129 2829 1406 2862 dilate-luteum
1446 2828 1634 2871 indicavit,
1687 2829 1751 2862 scd
1787 2840 1868 2862 cum
1899 2829 2154 2863 BECHSTEIMO
2193 2830 2353 2873 (LACEP.

140 2900 289 2935 Uebers.
308 2899 348 2933 ll
375 2910 408 2943 p.
429 2896 523 2940 415)
561 2897 762 2939 consentio,
807 2896 866 2942 qui
892 2896 1054 2939 conjicit,
1082 2896 1116 2929 in
1145 2896 1380 2939 descriptione
1406 2895 1704 2937 LAL'RENTIANA,
1749 2907 1869 2928 errore
1897 2896 2022 2928 calami
2049 2900 2110 2929 aut
2135 2898 2351 2941 typothetae,

142 2968 290 3002 lacteo
318 2978 382 3011 pro
419 2967 547 2999 luteo
574 2965 785 3008 impressum
811 2975 909 3005 esse,
947 2975 1027 2997 cum
1054 2962 1255 2996 Limnmw
1291 2961 1441 2995 cacteris
1479 2962 1714 3005 descriptione
1742 2961 1894 2995 Smin-A
1929 2973 2015 2996 usus
2049 2963 2094 2996 sit
2121 2983 2169 2988 —
2195 2963 2351 2999 Dauum

140 3046 220 3080 pag.
242 3034 292 3069 20
317 3032 619 3077 Monographiae,
655 3031 700 3064 ad
727 3030 886 3074 Hylam
918 3030 1206 3074 variegatam
1239 3029 1361 3062 laudat
1386 3027 1526 3061 Ranam
1552 3029 1831 3061 surinamensem
1856 3027 2042 3063 Merianac
2070 3030 2140 3064 tab.
2160 3028 2224 3073 56,
2259 3033 2350 3065 vesi-

142 3101 192 3135 cis
218 3102 392 3135 similibus
418 3100 623 3134 lateralibus
651 3098 792 3141 eapitis,
830 3109 873 3131 ac
899 3101 1021 3131 nostra
1047 3097 1204 3130 varietas
1225 3096 1267 3138 1,
1303 3096 1528 3137 instructam,
1565 3106 1670 3138 quam
1695 3095 1916 3138 Limam,
1943 3098 2009 3130 sub
2036 3097 2178 3130 nomine
2204 3097 2350 3141 Hylae

142 3168 474 3202 viridi-fuscae
499 3166 644 3210 recepit,
673 3164 825 3199 GMELIN
852 3168 970 3198 autem
990 3175 1179 3208 perperam
1198 3175 1278 3197 cum
1305 3163 1500 3196 arborea
1528 3164 1616 3203 (var.
1639 3159 1676 3204 <j
1705 3163 1899 3205 conjunxit.
1953 3163 2136 3208 Suspicor,
2162 3164 2253 3197 hanc
2270 3176 2347 3208 spe-

141 3235 232 3269 ciem
258 3235 379 3269 itidem
405 3236 450 3269 ad
476 3239 635 3268 nostram
668 3232 832 3266 venulo
845 3243 936 3265 sam
970 3232 1195 3264 referendam
1222 3242 1321 3272 esse,
1373 3228 1540 3262 MERREM
1569 3229 1682 3270 enim,
1730 3229 1891 3273 Ilylam
1926 3231 2210 3275 variegatam
2242 3229 2346 3263 DAU-

142 3311 235 3335 Dim!
263 3313 326 3345 pro
353 3303 471 3346 specie
497 3301 668 3346 peculiari
695 3310 910 3344 agnoscens,
954 3299 1051 3332 illam
1076 3298 1291 3331 LAL‘RENTH
1320 3300 1354 3329 et
1379 3295 1584 3329 MERIANAE
1612 3296 1730 3339 hylam
1757 3297 1801 3329 ab
1829 3309 1872 3330 ea
1897 3298 2049 3331 removit
2075 3300 2109 3329 et
2136 3297 2180 3329 ad
2217 3294 2344 3330 Cala-

139 3369 287 3403 mitam
324 3369 532 3402 boantem
569 3372 679 3413 (quae
707 3368 795 3400 haec
830 3369 952 3398 nostra.
992 3365 1221 3398 venulosa
1254 3369 1327 3405 est)
1364 3362 1532 3396 adhibuit.
1600 3362 1739 3397 Forsan
1765 3368 1887 3397 nostra
1919 3364 2074 3397 varietas
2101 3361 2141 3404 3,
2184 3363 2344 3398 verrucis

141 3437 237 3470 dorsi
265 3436 481 3480 deplanatis,
517 3437 668 3481 indeque
695 3436 801 3468 dorso
829 3433 906 3477 ipso
934 3432 1145 3476 subglabro,
1193 3432 1238 3464 ad
1266 3431 1395 3474 llylam
1421 3430 1640 3473 variegatam
1666 3430 1793 3463 referri
1818 3434 1940 3474 posset
1957 3449 2005 3454 ——
2032 3428 2197 3463 varietas
2221 3433 2344 3464 nostra

140 3503 163 3538 2
191 3507 327 3543 autem,
364 3503 558 3537 femoribus
585 3504 661 3536 fere
688 3502 770 3536 totis
797 3499 976 3540 laet-ibus,
1012 3499 1173 3542 diagnosi
1200 3497 1482 3532 Mfflmmultmc
1510 3495 1766 3531 Calamitac
1803 3496 2006 3531 ocularis
2030 3496 2240 3542 respondet,
2276 3497 2341 3531 sed

207 3570 441 3594 GRAVENHORST
479 3567 624 3601 Romilia.
1718 3563 1744 3597 7
