2534 3890
799 1250 964 1284 Triton
1000 1250 1123 1284 me.
1151 1257 1216 1283 etc.

800 1317 1018 1351 Triturus
1050 1317 1303 1352 mensauss.

800 1382 911 1419 Oiac
923 1396 1030 1418 urus
1056 1384 1267 1418 LEUCKART
1304 1383 1352 1427 (in
1381 1383 1487 1417 Isidis
1517 1381 1610 1418 1821
1649 1393 1729 1426 pag.
1750 1381 1850 1424 260).

347 1515 547 1581 Auctores
573 1546 679 1590 hujus
706 1546 848 1591 generis
875 1546 1197 1580 denominationem
1224 1546 1532 1580 LAURENTMNAM
1561 1545 1782 1589 rejecerunt,
1816 1543 1899 1589 quia
1919 1543 1996 1587 jam
2023 1547 2127 1578 antea
2152 1555 2280 1580 nomen
2308 1543 2401 1578 Tri-

199 1615 322 1649 tonis
348 1613 471 1659 generi
497 1611 755 1646 Molluscorum
781 1611 985 1656 impositum
1018 1615 1104 1646 erat.

347 1681 518 1716 Pectus
553 1683 587 1713 et
620 1679 838 1713 abdomen
872 1678 1035 1713 omnibus
1061 1678 1195 1723 Molgis
1222 1679 1352 1713 adultis
1389 1678 1659 1713 aurantiaca
1693 1682 1795 1721 sunt,
1838 1678 2049 1723 quibusdam
2084 1678 2299 1713 saturatiora
2331 1677 2404 1723 qui·

197 1748 349 1783 busdam
375 1747 559 1788 dilutiora,
593 1746 773 1791 plerisque
799 1747 948 1780 maculis
974 1747 1160 1790 punctisve
1186 1747 1297 1792 nigris
1325 1750 1460 1780 ornata.
1524 1746 1633 1780 Acies
1660 1746 1799 1780 inferna
1831 1746 1967 1779 caudae
1993 1745 2120 1780 eodem
2153 1746 2293 1787 colore,
2328 1756 2405 1779 sac-

195 1817 276 1861 pius
303 1816 419 1849 adhuc
445 1814 638 1856 viridiore,
672 1813 847 1847 interdum
875 1813 1065 1855 corallino,
1099 1814 1194 1858 picta
1220 1817 1294 1855 est,
1338 1814 1495 1848 maribus
1530 1814 1735 1858 plerumque
1768 1813 2089 1857 nigro-maculata.
2151 1812 2235 1850 Quo
2268 1812 2407 1846 minora

197 1888 232 1917 et
254 1883 398 1927 juniora
423 1882 512 1915 haec
539 1881 707 1914 animalia
733 1884 835 1923 sunt,
871 1892 913 1914 eo
942 1881 1087 1914 dilutior
1113 1882 1212 1915 color
1238 1881 1304 1915 istc
1332 1893 1412 1915 esse
1438 1882 1548 1923 solet,
1583 1881 1736 1914 minimis
1762 1881 1839 1913 sere
1867 1880 2067 1923 obsoletus3
2100 1891 2264 1924 prorsum
2300 1880 2406 1914 etiam

198 1962 278 1984 cum
304 1951 377 1983 vita
404 1949 603 1989 evanescit,
641 1952 675 1981 et
709 1948 982 1991 speciminibus,
1020 1948 1054 1980 in
1091 1948 1216 1991 spiritu
1242 1949 1316 1982 vini
1350 1949 1560 1985 asservatis,
1606 1948 1754 1981 subinde
1782 1948 1817 1980 in
1844 1947 2024 1982 cinereum
2060 1950 2121 1981 aut
2147 1947 2303 1981 albidum
2329 1959 2404 1981 mu-

198 2022 303 2050 tatur.

904 2303 943 2343 l.
1033 2303 1095 2344 M.
1156 2302 1702 2344 TAENIATA.

503 2427 884 2475 Nigro-maculam;
917 2426 1045 2473 eapite
1071 2427 1209 2461 taeniis
1234 2426 1348 2462 4—ss
1374 2427 1502 2461 antire
1540 2425 1858 2461 emmam-ensiba.s·
1893 2428 1999 2471 (Tab.
2018 2429 2100 2467 xl).

800 2552 1001 2587 Lacerta
1034 2552 1244 2598 vulgaris
1276 2551 1384 2587 LINN.

849 2639 946 2645 -——
1032 2619 1237 2653 taeniata
1270 2619 1405 2654 WVOLF.

800 2685 967 2721 Triton
1002 2685 1245 2731 parisinus
1278 2690 1313 2721 et
1345 2687 1572 2732 palustris
1617 2687 1740 2722 LAUR.

848 2773 944 2778 ——
1004 2753 1240 2788 taeniatus
1276 2751 1400 2789 GRAV.

800 2820 1108 2855 Salamandra
1140 2824 1374 2865 punctata,
1419 2821 1746 2865 abdominalis‚
1790 2822 1959 2864 cincta,
2002 2823 2248 2867 palmipes,
2294 2823 2375 2856 ele-

1141 2898 1251 2932 gans
1285 2886 1412 2922 DAUD.
1439 2887 1563 2922 LATR.

899 2974 997 2978 ——
1140 2954 1349 2988 taeniata
1382 2958 1416 2988 et
1448 2955 1673 2999 palustris
1711 2955 1891 2991 Senumn.

897 3041 993 3045 ——
1135 3021 1304 3065 exigua
1340 3020 1464 3056 LAUR.
1498 3021 1678 3056 Ruscom.

800 3086 954 3133 Molge
981 3091 1217 3132 punctata,
1252 3087 1451 3132 palmata
1478 3093 1513 3122 et
1538 3089 1723 3123 cinerea
1763 3089 1890 3124 MERR.

350 3219 486 3265 Magna
511 3219 613 3264 copia
639 3220 902 3255 individuorum
927 3221 1108 3266 utriusque
1135 3231 1255 3263 sexus,
1290 3225 1407 3254 aetate
1432 3222 1674 3267 magnitudine
1692 3224 1830 3268 pictura
1855 3227 1921 3258 etc.
1948 3222 2289 3265 diversissimorum,
2316 3223 2398 3256 edo-

202 3288 274 3323 cuit
299 3298 375 3330 me,
409 3287 539 3321 multas
564 3285 725 3330 Molgas‚
769 3298 790 3319 a
815 3288 975 3330 pluribus
1011 3287 1214 3322 auctoribus
1249 3298 1311 3332 pro
1345 3288 1531 3332 speciebus
1567 3291 1804 3334 peculiaribus
1837 3290 1993 3332 habitas,
2040 3290 2084 3322 ad
2110 3300 2218 3323 unam
2244 3289 2398 3334 speciem

201 3355 414 3400 redigendas
449 3364 547 3395 esse,
588 3353 783 3386 secundum
817 3354 965 3388 eandem
998 3355 1178 3400 regulam,
1221 3365 1327 3400 quam
1361 3355 1596 3399 ΒΕοΗεΤΕΙΝ,
1631 3357 1755 3391 Woff
1788 3361 1824 3391 et
1854 3356 2021 3391 Ruscom
2058 3356 2092 3390 in
2129 3357 2235 3400 hujus
2268 3356 2397 3401 speciei

203 3421 464 3456 constructione
490 3419 603 3454 secuti
637 3422 730 3453 sunt.

351 3487 502 3521 Mares
528 3486 674 3521 adulti
710 3497 849 3531 semper
876 3496 957 3520 ano
993 3492 1273 3522 tumescente
1300 3499 1322 3521 a
1347 3489 1488 3524 feminis
1515 3490 1683 3536 distingui
1709 3494 1874 3536 possunt,
1908 3490 2113 3536 plerumque
2147 3490 2253 3524 etiam
2288 3490 2395 3534 digi-

206 3553 266 3586 tis
301 3553 719 3597 depressiusculis‚
768 3553 912 3587 crista
945 3554 1122 3588 dorsali
1155 3559 1310 3589 erecta
1346 3556 1404 3597 (de
1439 3568 1508 3600 qua
1545 3559 1708 3592 conferas
1742 3557 1959 3591 RATHKEUM
1992 3569 2072 3602 pag.
2102 3558 2206 3599 102),
2248 3567 2395 3600 corpore
