2534 3890
187 215 250 258 84
1101 207 1476 244 RATRAGHIA.

1086 367 1158 402 111.
1226 366 1491 404 PULLI.

334 454 601 501 Longitudo
627 454 786 500 corporis
812 451 948 488 8-12
965 451 1149 485 linearum.
1202 451 1395 486 Individua
1419 451 1558 485 minora
1584 451 1709 485 subtus
1736 451 1920 498 exalbida,
1955 463 2063 497 supra
2096 453 2224 488 atomis
2263 454 2397 488 crebris

186 523 433 570 nigro-fuscis
460 523 718 557 confluentibus
736 520 933 562 maculata3
969 519 1109 563 majora
1134 520 1260 554 subtus
1283 520 1379 554 flava
1406 522 1467 553 aut
1491 519 1604 562 fulva,
1631 529 1740 563 supra
1765 519 2014 563 nigro-fusca,
2042 521 2181 565 punctis
2207 521 2397 555 minutissi-

183 592 269 635 mis,
303 591 409 625 oculo
435 591 530 625 nudo
556 590 621 624 vix
646 587 865 632 conspicuis,
900 587 1002 631 quasi
1028 586 1198 621 cribrosa.
1252 585 1385 621 Omnia
1418 590 1538 620 autem
1570 586 1678 620 crista
1710 586 1861 620 flaccida
1885 588 2082 631 pellucida,
2125 589 2228 622 fusco
2263 588 2397 622 albido-

181 669 250 705 que
275 659 473 701 maculata,
505 657 543 691 in
569 657 695 697 dorso,
729 665 823 699 pone
849 654 1042 697 cervicem,
1086 658 1182 697 orta,
1216 655 1299 688 inde
1332 665 1458 688 versus
1495 653 1632 698 apicem
1659 654 1795 687 caudae
1828 654 1961 688 sensim
1992 655 2176 689 altitudine
2203 658 2397 697 crescente,

183 727 280 761 circa
305 726 443 771 apicem
467 725 563 759 infra
588 722 739 757 caudam
765 721 988 764 continuata,
1022 721 1173 766 denique
1199 732 1327 756 versus
1355 732 1480 763 anum,
1516 720 1578 754 ubi
1605 721 1807 763 evanescit,
1844 721 1977 755 sensim
2002 723 2251 766 decrescente3
2292 722 2398 756 bran-

185 794 273 829 chiis
298 793 466 838 utrinque
492 791 604 825 tribus
631 789 923 832 distinctissimis,
960 789 1083 834 quales
1120 789 1156 822 in
1183 788 1400 823 LAUKENTH
1427 789 1498 822 tab.
1515 787 1556 822 II
1588 787 1646 833 fig.
1670 787 1711 822 II
1745 787 1926 823 exhibitae
1957 793 2057 832 sunt,
2104 790 2168 824 sed
2201 790 2399 835 elegantius

182 862 359 907 pectinato
369 879 382 886 ·
390 857 585 893 fimbriatis.

333 926 439 964 Quae
465 924 708 966 LATREILLE,
742 924 779 957 in
804 923 898 959 Hist.
926 922 1004 958 Sal.
1031 934 1064 967 p.
1080 922 1148 965 36,
1184 923 1228 957 de
1254 924 1397 968 pullis
1424 922 1758 958 Salamandrae
1792 927 2097 958 marmoratae
2129 923 2257 966 refert,
2292 921 2399 957 etiam

185 995 230 1028 ad
254 994 372 1038 pullos
398 992 576 1037 Molges
610 990 865 1033 taeniatae,
902 990 1074 1034 imprimis
1109 990 1155 1024 ad
1180 991 1334 1025 feminas
1361 991 1586 1033 immaturas,
1623 989 1785 1024 adhiberi
1817 994 1976 1034 possunt.
2035 989 2095 1025 De
2119 991 2247 1024 taeniis
2275 991 2400 1035 capitis

184 1066 321 1104 autem,
358 1071 450 1106 quac
476 1058 624 1104 Molgen
651 1059 862 1100 taeniatam,
898 1058 1060 1091 omnibus
1088 1059 1215 1092 aetatis
1242 1058 1385 1100 stadiis,
1422 1069 1443 1091 a
1470 1057 1701 1102 cospeciebus
1719 1058 1957 1102 distinguunt,
1985 1061 2110 1092 auctor
2134 1058 2301 1092 laudatus
2328 1070 2400 1092 0111-

184 1129 267 1163 nino
294 1132 398 1162 tacet.
452 1127 494 1161 Si
520 1126 588 1160 hae
615 1127 755 1160 taeniae
781 1136 911 1160 revera
938 1125 1153 1169 defuissent,
1197 1125 1410 1161 animalcula
1436 1126 1505 1160 ista
1530 1124 1830 1160 LATnElLLEANA
1854 1123 1952 1169 juste
1984 1134 2048 1169 pro
2075 1126 2181 1171 pullis
2207 1136 2401 1160 marmora-

184 1202 241 1230 lae
266 1190 391 1232 haberi
424 1198 579 1240 possent.

788 1528 832 1571 3.
894 1529 956 1570 M.
1018 1526 1796 1570 PLATYCEPHALA.

419 1648 587 1695 Corpore
614 1650 689 1682 tolo
716 1644 956 1695 artubusque
981 1657 1148 1693 superne
1174 1650 1213 1680 et
1238 1644 1295 1680 cul
1316 1645 1445 1680 latera
1467 1645 1714 1693 grmmlosis,
1749 1646 1878 1694 capite
1904 1647 2009 1682 ovali
2025 1647 2160 1695 plano.

332 1784 451 1827 Hujus
479 1783 611 1827 speciei
638 1782 822 1819 individua
847 1782 1017 1826 quinque,
1065 1793 1086 1814 a
1112 1781 1346 1815 F1TZ1NGERO
1373 1780 1538 1815 Viennae
1571 1786 1738 1826 accepta,
1775 1781 1916 1826 collega
1949 1792 2051 1816 meus
2084 1780 2405 1816 aestumatissimus

183 1851 291 1886 ΟΤΤΟ
320 1863 365 1885 ex
393 1850 544 1885 Austria
570 1850 709 1892 retulit,
743 1849 876 1893 speciei
903 1849 971 1893 ipsi
997 1852 1117 1882 autem
1144 1860 1272 1882 nomen
1298 1847 1390 1882 Mol
1399 1859 1477 1893 ges
1503 1849 1775 1893 platycephalae
1802 1849 1938 1883 indidit.
1990 1850 2052 1883 Ab
2085 1849 2220 1893 ignea
2247 1852 2282 1882 et
2317 1853 2403 1882 tae-

182 1920 305 1954 niata
331 1918 421 1952 haec
457 1918 574 1951 differt
601 1917 716 1961 capite
742 1916 901 1960 majore,
936 1917 1052 1961 magis
1089 1916 1279 1959 depresso,
1317 1917 1433 1949 antice
1466 1916 1593 1950 latiore
1628 1920 1663 1949 et
1698 1917 1814 1961 magis
1839 1917 2051 1959 rotundato,
2086 1916 2250 1961 quamvis
2286 1916 2403 1961 ignea,

182 1987 251 2020 hoc
276 1989 460 2030 respectu,
493 1985 651 2018 medium
677 1988 797 2017 teneat
820 1983 912 2016 inter
936 1983 1130 2016 taeniatam
1157 1986 1191 2016 et
1224 1981 1516 2026 platycephalam.
1578 1982 1723 2026 Cauda,
1759 1995 1781 2017 a
1813 1984 1926 2018 latere
1951 1984 2048 2027 visa,
2086 1985 2223 2018 caudae
2255 1983 2404 2017 femina-

182 2064 261 2088 rum
286 2053 430 2097 Molges
457 2052 636 2085 taeniatae
661 2051 776 2096 magis
802 2050 1005 2095 respondet.
1059 2049 1207 2083 Statura
1233 2061 1298 2084 nec
1324 2061 1395 2084 non
1421 2050 1602 2095 proportio
1630 2051 1760 2095 pedum
1787 2055 1822 2085 et
1848 2052 2041 2097 digitorum
2067 2062 2148 2086 cum
2173 2051 2242 2085 illis
2269 2050 2403 2095 specie-

182 2123 249 2156 bus
275 2122 485 2165 congruunt.

334 2205 367 2238 1.
420 2203 613 2237 Individua
638 2205 790 2247 quatuor
815 2201 965 2245 majora.
1018 2199 1285 2245 Longitudo
1313 2201 1492 2245 corporis,
1528 2202 1573 2236 ad
1600 2213 1707 2237 anum
1733 2214 1865 2248 usque,
1900 2202 2061 2238 18—19
2083 2203 2275 2245 linearum,
2320 2212 2402 2235 cau-

184 2274 251 2307 dae.
280 2270 441 2307 14—18
463 2270 648 2304 linearum.
702 2266 849 2313 Caput
876 2269 1085 2312 depressum
1111 2269 1255 2312 planum
1289 2268 1414 2310 ovale,
1451 2272 1576 2303 trunco
1612 2270 1720 2314 paulo
1753 2270 1881 2314 latius,
1926 2271 2148 2315 longitudine
2174 2269 2240 2313 δὲ,
2286 2267 2402 2304 latitu-

185 2341 267 2374 dine
293 2338 318 2374 4
343 2339 542 2380 linearum3
583 2336 745 2380 margine
770 2336 998 2372 maxillarum
1025 2336 1249 2379 superiorum
1275 2335 1455 2380 utrinque,
1490 2337 1584 2370 infra
1618 2337 1760 2379 oculos,
1795 2349 1923 2382 parum
1959 2339 2111 2372 deflexo.
2163 2336 2312 2383 Digiti
2343 2338 2404 2371 vel

186 2406 338 2452 graciles
366 2406 423 2439 vel
450 2403 758 2438 subcrassiusculi.
810 2402 966 2437 Tuber
992 2402 1128 2435 anale
1165 2402 1338 2446 singulari
1365 2406 1419 2436 cst
1454 2403 1595 2446 indole,
1632 2405 1814 2447 conicum,
1854 2405 1954 2449 apice
1988 2405 2070 2441 coni
2104 2416 2233 2440 versus
2266 2405 2402 2450 apicem

186 2474 321 2507 caudae
349 2475 548 2517 spectante,
583 2470 822 2515 prominente,
856 2469 916 2502 vel
941 2469 1038 2502 nullo
1067 2468 1202 2502 orificio
1230 2469 1289 2502 ani
1316 2469 1479 2503 distincto
1489 2495 1499 2512 ,
1534 2471 1595 2504 vel
1628 2471 1762 2505 orificio
1791 2472 1973 2514 obsoleto,
2008 2472 2045 2506 in
2071 2472 2149 2516 ipso
2184 2472 2264 2506 coni
2299 2471 2404 2516 apice

185 2541 272 2582 sito,
306 2540 427 2585 itaque
461 2549 588 2572 versus
622 2538 758 2582 apicem
791 2536 928 2570 caudae
961 2539 1161 2580 spectante,
1205 2536 1343 2580 rugulis
1376 2538 1553 2572 nonnullis
1588 2538 1780 2581 obsoletis,
1823 2539 1989 2573 radiatim
2022 2539 2221 2583 dispositis,
2255 2539 2404 2573 circum-

187 2609 290 2649 dato,
325 2606 361 2640 in
387 2617 458 2640 uno
486 2605 669 2639 individuo
696 2605 812 2638 minus
838 2607 1047 2648 turgescens
1073 2604 1138 2637 sed
1163 2603 1282 2647 potius
1308 2603 1613 2648 longitudinaliter
1639 2605 1854 2648 carinatum,
1890 2606 2024 2640 orificio
2059 2606 2118 2640 ani
2151 2606 2333 2648 obsoleto,
2368 2606 2404 2640 in

186 2675 286 2719 apice
312 2674 450 2719 postico
477 2673 620 2707 carinae
648 2672 735 2714 sito,
770 2683 836 2705 nec
863 2671 1000 2716 apicem
1026 2671 1164 2705 caudae
1190 2681 1338 2713 versus,
1382 2672 1463 2713 sed,
1498 2672 1550 2706 uti
1575 2672 1612 2706 in
1638 2673 1782 2718 reliquis
1809 2672 1964 2718 Molgis,
2011 2674 2178 2708 deorsmn
2208 2676 2402 2718 spectante.

187 2741 304 2787 Caput
330 2745 476 2775 truncus
503 2741 613 2784 pedes
648 2744 683 2773 et
708 2739 824 2773 cauda
857 2749 1012 2783 superne
1039 2741 1075 2772 et
1109 2738 1154 2771 ad
1180 2738 1312 2780 latera,
1354 2739 1564 2783 granulis
1600 2741 1719 2775 multis
1755 2741 1898 2785 parvis,
1935 2740 2032 2775 haud
2064 2752 2152 2775 vero
2186 2739 2401 2775 confertissi-

184 2811 270 2851 mis,
305 2810 453 2851 scabra,
488 2808 606 2841 rarius
639 2807 768 2851 nigro
787 2806 951 2840 -fusca
983 2808 1086 2847 sunt,
1129 2805 1338 2849 plerumque
1365 2806 1517 2849 picea,
1560 2807 1709 2841 maculis
1734 2808 1991 2852 irregularibus
2024 2808 2136 2853 nigris
2175 2811 2402 2849 marmorata,

187 2877 345 2921 granulis
370 2876 550 2909 interdum
575 2874 730 2920 passim,
763 2874 956 2918 praecipue
983 2873 1029 2906 ad
1061 2872 1195 2913 latera,
1234 2872 1380 2915 albidis;
1414 2873 1552 2907 inferne
1586 2874 1699 2916 levia,
1734 2876 2141 2918 sordide-albo-ssava,
2175 2875 2255 2920 plus
2285 2875 2403 2910 minus

185 2944 333 2978 maculis
359 2942 480 2988 parvis
506 2942 619 2986 nigris
646 2942 839 2986 adspersa,
874 2940 911 2974 in
935 2951 1007 2974 uno
1034 2940 1218 2973 individuo
1245 2950 1409 2983 prorsum
1435 2940 1673 2975 immaculata.

337 3035 371 3069 2.
432 3034 663 3068 Individuum
695 3033 830 3067 minus:
865 3031 1133 3076 Longitudo
1168 3031 1328 3075 corporis
1357 3032 1424 3074 12,
1470 3033 1607 3067 caudae
1641 3033 1664 3066 9
1690 3034 1874 3069 linearum.
1938 3033 2086 3079 Caput
2117 3038 2157 3068 ut
2190 3034 2227 3068 in
2258 3033 2401 3077 majori-

185 3103 254 3136 bus
280 3101 491 3143 individuis,
533 3102 597 3136 sed
622 3101 784 3146 margine
810 3100 1039 3135 maxillarum
1065 3099 1291 3143 superiorum
1317 3099 1411 3132 infra
1437 3100 1560 3133 oculos
1594 3099 1690 3135 haud
1722 3102 1837 3146 magis
1864 3102 2031 3136 deorsum
2063 3100 2262 3146 prominulo
2298 3111 2403 3145 quam

186 3169 222 3202 in
249 3167 395 3213 reliquis
422 3168 590 3201 maxillae
616 3169 716 3202 locis.
769 3167 923 3212 Digiti
949 3165 1244 3200 subm-assiusculi
1270 3166 1496 3201 breviusculi.
1550 3166 1703 3202 Tuber
1729 3169 1859 3203 anale
1887 3168 2204 3203 convexiusculum
2231 3167 2402 3212 oblongo-

187 3236 311 3278 ovale,
344 3235 455 3269 multo
482 3235 597 3268 minus
625 3239 770 3278 turgens
798 3246 903 3279 quam
931 3234 966 3267 in
999 3232 1191 3267 individuis
1217 3232 1424 3275 majoribus,
1452 3245 1518 3267 nec
1544 3235 1966 3281 conice-prolongatum,
2001 3238 2037 3268 at
2062 3245 2125 3278 per
2152 3236 2263 3268 totam
2289 3234 2401 3279 longi-

188 3304 346 3337 tudinem
371 3302 462 3335 rima
487 3304 704 3345 perangusta
730 3301 870 3343 fissum,
911 3301 1048 3345 rugulis
1075 3298 1248 3333 distinctis
1283 3299 1537 3335 deficientibus,
1597 3299 1806 3336 Granula
1841 3306 1879 3336 ut
1911 3303 1948 3335 in
1972 3302 2186 3345 majoribus,
2230 3302 2293 3335 sed
2320 3313 2401 3335 con-

188 3371 353 3412 fertiora,
381 3380 448 3403 nec
473 3379 560 3403 vero
588 3368 859 3402 confertissima.
913 3367 1052 3402 Color
1079 3377 1231 3411 superne
1257 3367 1535 3410 piceo-fuscus,
1572 3370 1721 3405 maculis
1747 3369 1886 3415 magnis
1913 3369 2168 3413 irregularibus
2194 3368 2401 3414 nigro-fus-

190 3437 260 3478 cis,
287 3437 424 3472 inferne
451 3435 761 3477 sordide-ssavus,
790 3435 923 3479 passim
949 3435 1109 3480 vestigiis
1136 3434 1354 3468 macularum
1382 3435 1623 3470 obseuramun.
