2632 3890
778 851 1779 921 PRAEFATIO.

319 1149 491 1215 Plures
520 1171 794 1226 plagularum,
826 1182 928 1223 quas
957 1170 1036 1211 hoc
1065 1168 1260 1212 fasciculo
1289 1169 1582 1213 scrutatoribus
1611 1178 1784 1213 naturae
1819 1170 1971 1223 offero,
2001 1179 2126 1216 testes
2154 1182 2247 1217 sunt
2271 1177 2376 1218 levi-

176 1255 272 1298 tatis
292 1264 334 1298 et
357 1255 554 1307 incuriae,
586 1254 730 1308 quibus
751 1262 873 1297 antea
896 1256 1050 1296 multae
1071 1253 1277 1308 reptilium
1299 1253 1456 1308 species
1486 1254 1759 1308 pingebantur
1780 1254 2118 1298 describebantur
2143 1266 2184 1299 et
2208 1258 2315 1301 inter
2333 1273 2380 1302 se

171 1342 525 1396 comparabantur.
561 1339 664 1380 Inde
678 1351 802 1393 saepe
815 1339 937 1380 valde
956 1337 1125 1379 difficile
1144 1347 1219 1389 est,
1250 1345 1297 1379 ut
1320 1338 1372 1379 de
1395 1338 1475 1380 hac
1494 1338 1618 1380 illave
1640 1337 1913 1393 descriptione
1933 1346 2004 1381 aut
2027 1340 2160 1392 icone,
2191 1343 2379 1386 anostris

170 1424 497 1467 antecessoribus
532 1422 663 1474 edita,
706 1422 949 1464 certitudine
979 1422 1155 1475 quadam
1187 1423 1426 1477 probemus,
1470 1423 1523 1462 ad
1559 1435 1682 1475 quam
1718 1421 1946 1477 specierum
1974 1425 2213 1476 multarum,
2254 1426 2379 1469 hodie

169 1508 442 1563 cognitarum,
485 1507 556 1548 illa
585 1506 819 1548 adhibenda
850 1506 916 1548 sit.
975 1506 1101 1547 Nullo
1127 1505 1354 1547 succumbit
1390 1504 1516 1547 dubio
1556 1505 1655 1559 quin
1689 1506 1871 1548 definitio
1905 1514 1947 1549 et
1981 1507 2202 1563 descriptio
2231 1510 2379 1552 Batra—

170 1592 353 1635 chiorum
382 1590 565 1645 plurimis
595 1589 901 1632 difficultatibus
945 1589 1153 1632 ohnoxiae
1184 1589 1286 1641 sint,
1335 1602 1427 1631 cum
1457 1603 1604 1644 corpus
1639 1589 1785 1631 horum
1815 1589 2050 1634 animalium
2080 1592 2172 1634 leve
2208 1593 2376 1644 nudum,

166 1676 344 1731 tegmine
380 1688 640 1727 squamarum
671 1682 931 1716 scutorumve
966 1686 1130 1724 carens,
1180 1686 1276 1715 raro
1306 1681 1445 1728 partes
1478 1673 1693 1724 exhibeat,
1736 1680 1940 1715 structura
1971 1676 2147 1728 quadam
2182 1676 2378 1731 peculiari

166 1760 265 1802 satis
297 1758 495 1814 insignes,
544 1772 650 1812 quae
686 1766 806 1800 notas
837 1757 1113 1812 diagnosticas
1142 1757 1299 1809 firmas,
1348 1757 1460 1798 haud
1497 1756 1737 1799 vacillantes
1767 1758 2049 1813 ambiguasve,
2102 1759 2375 1815 suppeditent.

164 1842 436 1886 Differentiae
466 1842 624 1884 formae
660 1850 701 1884 et
732 1841 1009 1897 proportionis
1046 1840 1228 1896 corporis
1259 1841 1426 1898 ejusque
1459 1841 1638 1896 partium
1669 1840 1897 1896 specierum
1929 1841 2184 1885 diversarum
2217 1844 2375 1899 saepis-

165 1927 268 1969 sime
293 1928 397 1969 adeo
422 1929 534 1969 leves
554 1934 660 1978 sunt,
696 1933 741 1967 ut
764 1925 837 1968 vix
862 1925 1000 1967 verbis
1026 1924 1214 1980 exprimi,
1245 1938 1322 1967 nec
1347 1924 1426 1967 nisi
1452 1938 1532 1981 ope
1555 1923 1719 1967 iconum
1744 1925 2151 1979 accuratissimarum,
2182 1935 2252 1969 aut
2276 1940 2377 1970 con-

163 2019 306 2067 spectu
349 2010 584 2052 animalium
622 2010 824 2065 ipsorum,
879 2007 1069 2064 cognosci
1106 2008 1275 2064 possint.
1349 2007 1437 2052 Sed
1485 2006 1613 2052 eheu!
1669 2008 1732 2050 his
1769 2022 1932 2062 quoque
1967 2009 2210 2053 differentiis
2251 2024 2376 2067 saepe

164 2095 364 2137 sallimU:
415 2094 517 2136 Cute
559 2094 673 2135 molli
716 2093 884 2135 elastica
922 2094 1066 2134 horum
1101 2092 1357 2143 animalium,
1408 2091 1541 2134 forma
1583 2092 1793 2147 proportio
1840 2100 1882 2134 et
1918 2093 2158 2148 superficies
2189 2095 2373 2150 corporis

160 2179 328 2235 ejusque
374 2178 551 2232 partium
587 2176 707 2218 facile
743 2176 868 2218 variis
911 2183 1207 2217 commutantur
1245 2174 1376 2216 causis
1415 2175 1599 2217 externis
1648 2183 1690 2217 et
1725 2175 1919 2227 internis,
1971 2177 2191 2232 praecipue
2234 2186 2370 2220 autem

157 2270 310 2313 morte,
353 2275 444 2302 cum
465 2268 603 2316 partes
634 2273 808 2301 carneae
835 2258 1045 2310 desidunt,
1090 2258 1192 2300 cutis
1235 2265 1372 2300 autem
1410 2258 1663 2301 contrahitur
1705 2266 1946 2313 corrugatur
1982 2260 2246 2315 complicatur
2277 2270 2366 2311 aut,

155 2345 417 2401 generatione
454 2354 495 2387 et
530 2343 852 2385 accumulatione
886 2342 1048 2384 interna
1083 2342 1200 2383 fluidi
1236 2341 1446 2398 cujusdam
1482 2341 1730 2397 gasisolmis,
1782 2342 2016 2384 extenditur
2050 2351 2111 2395 et,
2153 2345 2190 2386 si
2225 2344 2365 2387 forsan

154 2437 263 2471 statu
296 2428 473 2471 naturali
507 2441 727 2470 verrucosa
764 2434 835 2468 aut
868 2426 1018 2481 plicata
1055 2433 1164 2477 erat,
1214 2425 1427 2480 levigatur.
1502 2424 1626 2468 Color
1661 2434 1702 2468 et
1737 2424 1920 2480 picturae
1960 2425 2101 2468 itidem
2137 2427 2364 2482 perinfidae

152 2520 268 2561 sunt,
311 2513 460 2568 quippe
496 2525 621 2564 quae,
664 2518 756 2565 post
791 2517 986 2561 mortem,
1028 2508 1156 2563 magis
1191 2523 1313 2562 quam
1349 2508 1506 2551 formae
1543 2517 1585 2551 et
1621 2509 1928 2563 proportiones,
1979 2512 2362 2554 commutationibus

151 2596 340 2638 maximis
376 2595 581 2637 obnoxiae
617 2602 730 2645 sunt,
778 2593 1022 2648 saepiusque
1057 2594 1180 2647 plane
1212 2599 1474 2634 evanescunt.
1534 2591 1585 2636 Si
1621 2606 1719 2634 vero
1767 2593 1965 2647 Princeps
2001 2605 2062 2635 DE
2087 2594 2230 2636 WIED
2261 2608 2358 2649 pos—

153 2680 228 2731 cit,
259 2687 324 2730 ut,
355 2678 626 2733 descriptione
657 2677 913 2727 animalium,
949 2675 993 2717 in
1022 2675 1168 2730 spiritu
1197 2674 1281 2716 vini
1310 2674 1579 2727 conditorum,
1610 2674 1758 2718 coloris
1789 2689 1930 2718 eorum
1958 2677 2071 2719 nullo
2100 2677 2222 2719 modo
2251 2677 2358 2720 ratio

153 2765 365 2813 habeatur,
396 2764 446 2803 ad
472 2763 579 2803 hanc
602 2760 844 2803 sententiam
866 2761 977 2801 haud
1002 2760 1200 2801 accedere
1225 2772 1404 2814 possum.
1447 2759 1633 2801 Naturae
1663 2758 1956 2802 scrutatoribus
1975 2767 2017 2801 et
2040 2759 2355 2815 descriptoribus

148 2847 299 2889 nostris
324 2845 529 2887 rarissime
554 2844 762 2899 contingit,
792 2852 837 2885 ut
860 2842 1022 2898 reptilia
1047 2842 1208 2885 exotica
1226 2842 1335 2893 viva,
1367 2849 1407 2883 et
1435 2840 1478 2883 in
1503 2841 1635 2898 patria
1662 2855 1803 2884 eorum
1827 2842 1929 2897 ipsa,
1960 2842 2125 2884 videant
2150 2850 2191 2886 et
2211 2845 2355 2887 obser-

149 2938 260 2981 vent,
286 2930 357 2971 sed
379 2928 665 2984 speciminibus
689 2935 902 2969 contentos
927 2940 999 2969 eos
1018 2940 1108 2968 esse
1128 2933 1288 2980 oportet
1315 2924 1356 2965 in
1377 2924 1520 2979 spiritu
1548 2925 1634 2967 vini
1655 2925 1917 2976 conservatis,
1949 2939 2055 2978 quae
2074 2934 2210 2968 autem
2231 2942 2353 2981 quam

145 3013 340 3070 plurime,
383 3014 527 3054 saltem
558 3012 692 3064 quoad
723 3012 921 3062 colorem,
964 3011 1073 3051 haud
1106 3015 1416 3064 cognoscerent,
1454 3007 1489 3049 si
1527 3010 1684 3051 colores
1709 3008 1786 3050 soli
1811 3008 1912 3059 vivi,
1950 3022 2026 3050 nec
2056 3022 2217 3063 quoque
2240 3024 2352 3054 mor-

145 3097 225 3148 tui,
267 3110 369 3150 quos
405 3109 578 3151 corpora
614 3095 658 3136 in
692 3094 836 3149 spiritu
871 3093 1111 3144 induerunt,
1165 3091 1356 3146 descripti
1397 3099 1546 3133 essent.
1617 3092 1790 3147 Insuper
1831 3099 1967 3134 autem
2005 3092 2180 3148 cognitio
2223 3096 2348 3146 modi,

145 3194 225 3234 quo
260 3182 417 3222 colores
451 3180 553 3230 vivi,
596 3186 688 3233 post
725 3185 896 3219 mortem
933 3177 1140 3227 animalis,
1191 3176 1232 3217 vi
1264 3174 1433 3228 liquoris
1470 3173 1675 3229 spirituosi
1712 3183 2029 3228 commutantur,
2068 3175 2153 3232 jam
2189 3191 2264 3231 per
2299 3190 2346 3219 se

145 3263 257 3305 utilis
285 3271 359 3305 est.
426 3263 637 3317 Optimum
667 3261 803 3314 itaque
829 3260 955 3311 foret,
987 3260 1045 3308 si,
1087 3273 1179 3301 cum
1212 3256 1551 3312 descriptionibus
1585 3257 1791 3313 reptilium
1816 3259 2021 3310 vivorum,
2064 3260 2346 3302 commutatio-

142 3347 207 3389 nis
243 3345 365 3388 etiam
394 3346 498 3388 ratio
538 3346 800 3395 redderetur,
843 3357 964 3397 quam
994 3344 1171 3394 colores,
1214 3349 1307 3396 post
1348 3348 1542 3391 mortem,
1584 3341 1628 3382 in
1665 3341 1824 3394 liquore
1855 3341 2072 3396 spirituoso
2104 3343 2341 3397 perpetiun-

145 3438 225 3472 tur.
297 3429 410 3472 Ante
446 3429 581 3471 omnia
619 3442 736 3479 vero,
784 3427 828 3468 in
866 3425 1134 3468 describendo
1175 3424 1361 3474 animali,
1416 3423 1547 3466 forma
1588 3424 1688 3466 situs
1726 3425 1898 3466 directio
1936 3437 2127 3466 numerus
2162 3425 2341 3480 pictura-

142 3527 235 3555 rum
267 3513 557 3569 respiciantur,
593 3526 710 3564 nam,
753 3513 889 3553 colore
918 3510 1006 3564 ipso
1040 3508 1175 3563 fugaci
1208 3515 1249 3549 et
1277 3515 1540 3558 commutato,
1583 3507 1714 3550 forma
1745 3516 1900 3557 tamen,
1944 3516 2012 3549 aut
2036 3510 2180 3550 saltem
2206 3511 2337 3552 linea-

1717 3583 1734 3602 t}
