2534 3890
190 208 251 250 78
1116 203 1492 239 RATRAGHIA.

191 319 257 352 bus
285 328 390 362 quam
417 317 452 350 in
478 315 728 356 antecedente,
763 315 922 360 rimaque
949 314 1083 358 postice
1111 314 1168 347 vel
1195 313 1378 357 paululum
1404 313 1462 346 vel
1489 312 1631 346 omnino
1668 324 1739 346 non
1766 313 1947 358 ampliore.
2007 310 2244 345 Verrucae
2270 322 2407 355 paucae

193 389 228 419 et
254 385 436 417 obsoletam
463 383 498 415 in
525 393 679 426 superna
706 380 870 426 corporis
892 385 991 425 parte
1019 381 1201 424 dispersae
1228 384 1320 415 sunt.
1373 379 1412 413 M
1423 380 1599 413 axillae
1626 381 1819 424 superioris
1835 391 1959 425 margo
1987 379 2078 413 sicut
2103 378 2139 411 in
2163 379 2406 420 antecedente,

193 452 250 485 cui
276 451 383 484 etiam
409 450 537 483 color
573 451 782 493 respondet,
817 449 918 482 lineis
946 448 1164 492 maculisque
1191 448 1367 482 interdum
1402 447 1648 491 pallidioribus
1682 447 1832 480 eiuereis
1865 467 1913 472 ——
1954 447 2054 481 Inter
2079 445 2191 479 multa
2216 445 2409 488 specimina

193 519 263 551 11110
292 521 373 551 sunt
399 517 632 559 mutilata,
667 528 816 561 quorum
844 526 953 548 unum
979 515 1071 558 pede
1097 516 1234 559 postico
1264 516 1406 549 sinistro
1435 514 1732 559 quadi-idigitatO,
1761 514 1929 556 alterum,
1966 515 1980 548 1
2003 513 2168 558 pollicem
2194 515 2228 545 et
2253 511 2278 545 4
2294 512 2408 546 lineas

191 585 354 628 longum,
391 585 506 618 cauda
532 588 731 628 amputata,
773 583 796 616 6
821 583 934 616 lineas
961 582 1088 627 longa,
1129 584 1361 627 reproducta,
1397 583 1536 616 obtusa.
1597 579 1790 615 Caeterum
1823 584 1940 614 autem
1973 580 2057 615 huic
2091 579 2274 613 individuo
2302 579 2409 613 crista

191 652 342 685 dorsalis
369 662 482 696 aeque
510 652 583 685 alta
610 654 644 684 ct
671 651 816 693 elegans
843 653 899 684 est
925 661 967 684 ac
992 650 1155 695 reliquis,
1191 651 1294 684 tuber
1328 650 1432 683 anale
1466 649 1665 694 turgidum,
1700 648 1836 692 postice
1869 648 2016 692 spinulis
2051 647 2178 681 albidis
2213 645 2407 688 horridum,

190 719 349 763 rimaque
374 719 509 762 postiee
542 719 613 751 late
640 717 772 750 hiante.

341 786 423 820 Huc
449 785 639 818 referenda
666 788 765 818 sunt:
804 783 1106 818 salamandra
1129 787 1352 828 punctata
1377 782 1563 818 Dmnmn
1590 794 1671 827 pag.
1689 781 1763 817 257
1780 801 1827 805 —
1855 781 2020 816 Triton
2045 780 2277 825 parisinus
2304 779 2407 814 LAU-

192 862 304 886 RENT1
333 864 412 897 pag.
434 852 501 893 40,
540 855 574 884 et
602 851 774 884 Sesamii
802 851 894 885 lIist.
921 855 992 885 nat.
1021 851 1125 895 Rept.
1151 862 1232 896 pag.
1252 851 1347 893 247,
1385 850 1443 895 fig.
1463 850 1484 884 3
1511 871 1558 875 -—
1593 850 1887 884 Teichsalam
1899 849 2041 882 ander
2065 849 2230 882 BsscusT.
2257 848 2329 881 tab.
2347 847 2408 882 21.

192 920 250 964 fig.
269 920 308 960 1,
337 919 358 953 2
386 940 433 943 —
469 918 594 952 SEBAE
623 918 734 952 Thes.
753 918 793 951 II
821 920 891 952 tab.
910 919 956 952 12
984 919 1041 962 fig.
1058 920 1101 960 7,
1138 930 1244 963 quam
1270 918 1491 960 LAURENTI,
1532 919 1597 951 sub
1631 918 1774 951 nomine
1809 916 2018 950 Tritonis
2045 915 2276 959 zcylanici
2312 925 2408 947 rece-

192 987 261 1030 pit3
295 997 394 1027 00111,
431 990 520 1019 teste
548 985 668 1028 SEBA,
704 986 910 1029 zeylanicus
938 986 992 1019 sit.
1046 984 1178 1019 Colore
1205 986 1421 1030 picturarum
1449 985 1591 1030 quidem
1618 985 1724 1019 valde
1752 984 1869 1018 differt
1906 995 1927 1016 a
1953 987 2075 1018 nostra
2101 982 2238 1026 specie,
2280 993 2408 1015 verun-

192 1057 309 1086 tamen
338 1064 417 1086 eam
445 1064 525 1086 cum
552 1053 619 1086 hac
646 1054 862 1097 conjungere
888 1053 996 1086 malui
1024 1064 1128 1097 quam
1156 1064 1237 1086 cum
1271 1052 1602 1086 Salamandrae
1637 1052 1860 1086 cristatae
1894 1054 2050 1090 (nostrae
2077 1049 2256 1094 Molges
2290 1060 2311 1093 p
2322 1049 2408 1082 alu-

193 1120 318 1162 stris)
345 1121 496 1162 femina,
533 1120 579 1154 ad
605 1132 710 1165 quam
737 1121 975 1162 BizciisTEIN,
1010 1131 1091 1164 pag.
1109 1119 1200 1162 247,
1245 1131 1326 1153 eam
1353 1120 1514 1154 adhibuit
1541 1141 1588 1144 —
1628 1119 1798 1153 LINNEUS
1831 1119 2013 1152 laudatam
2039 1118 2165 1151 SEBAE
2198 1118 2338 1150 iconem
2366 1116 2412 1149 ad

191 1187 433 1221 Lacertam
460 1188 721 1232 aquaticam
748 1189 899 1233 allegat,
935 1188 1088 1232 indeque
1115 1187 1206 1222 lianc
1232 1187 1369 1221 Limum
1397 1188 1553 1232 speciem
1579 1198 1660 1220 cum
1685 1190 1809 1220 nostra
1834 1185 1987 1230 Molgc
2021 1184 2231 1218 taeniata
2266 1183 2410 1228 conjun-

189 1266 275 1299 gere
302 1266 464 1299 possem,
503 1256 586 1290 licet
611 1255 781 1289 Lamnus
807 1255 984 1290 Lacertae
1011 1255 1199 1300 aquaticae
1225 1256 1377 1289 caudam
1404 1255 1670 1289 teretiusculam
1702 1254 1920 1288 mediocrem
1945 1252 2087 1286 tribuat.

515 1372 544 1402 3.
594 1370 713 1403 Crista
735 1370 875 1412 humill,
906 1372 944 1402 in
969 1372 1094 1402 laneam
1116 1372 1283 1402 elevatum
1305 1377 1506 1408 valdrada,-
1538 1370 1665 1415 (leg-ints
1690 1370 1836 1412 posticis
1863 1367 2085 1410 simplicibus,

339 1448 438 1482 Lon
449 1449 545 1493 gitu
555 1450 607 1482 do
636 1450 794 1493 corporis
824 1450 842 1483 1
863 1449 1002 1494 pollicis
1029 1454 1064 1483 et
1090 1448 1202 1484 3-5
1229 1449 1415 1483 linearum.
1470 1447 1597 1482 Cauda
1622 1448 1681 1481 vel
1707 1447 1867 1492 corporis
1895 1450 1949 1481 est
1974 1445 2193 1491 longitudine
2218 1444 2277 1478 vel
2302 1444 2409 1488 paulo

191 1516 344 1550 brevior.
415 1515 610 1550 Dorsum
648 1517 973 1560 ‹lepressiusculum
1008 1521 1059 1559 et,
1102 1517 1195 1550 sicut
1236 1517 1385 1551 latera
1424 1516 1556 1558 trunci,
1597 1515 1813 1549 verrucis
1850 1514 1971 1559 parvis
2013 1514 2177 1547 obsitum.
2245 1510 2408 1556 Margo

192 1583 409 1617 maxillae
443 1584 638 1627 superioris
671 1584 768 1617 haud
803 1585 963 1618 deflexus
991 1588 1054 1618 est.
1111 1584 1145 1618 T
1155 1585 1265 1617 uber
1292 1584 1424 1617 anale
1450 1583 1541 1617 rima
1566 1583 1702 1627 postice
1728 1582 1848 1616 hiante
1876 1585 1912 1615 et
1936 1581 2097 1616 verrucis
2123 1579 2301 1614 nonnullis
2327 1590 2410 1612 acu-

193 1651 334 1684 minatis
363 1651 489 1683 albidis
517 1651 745 1685 circumdata.
798 1650 948 1696 Digiti
974 1652 1329 1696 subdepressiusculi.
1384 1649 1526 1685 Color
1552 1654 1587 1684 et
1612 1651 1797 1695 pictura
1822 1650 1913 1683 sicut
1936 1649 1973 1682 111
1999 1648 2309 1689 antecedentibus,
2334 1657 2408 1679 ma·

192 1718 280 1751 culis
308 1718 591 1752 abdominalibus
618 1722 736 1752 autem
762 1719 976 1762 majoribus,
1005 1719 1188 1764 eleganter
1214 1719 1250 1752 in
1277 1719 1389 1753 series
1415 1722 1488 1752 tres
1508 1718 1785 1764 longitudinales
1812 1716 2014 1761 dispositis3
2039 1716 2135 1749 linea
2161 1715 2302 1748 elevata
2328 1713 2407 1746 dor-

192 1785 315 1818 saliet
342 1786 478 1818 caudae
506 1785 583 1819 acie
609 1786 725 1819 infera
752 1786 952 1820 alternatim
979 1787 1269 1831 albo-nigroque
1295 1786 1482 1821 maculatis
1499 1806 1546 1811 —
1572 1784 1738 1820 Duorum
1764 1784 2029 1818 individuorum
2055 1793 2176 1825 unum,
2202 1780 2321 1815 medio
2339 1780 2369 1815 F
2372 1792 2407 1813 e-

189 1852 325 1886 bruarii
353 1853 438 1887 unni
465 1852 579 1896 1824,
620 1864 641 1887 e
667 1856 763 1887 terra
789 1853 1044 1897 cffodiebatur,
1077 1854 1165 1888 satis
1190 1854 1316 1899 procul
1343 1854 1387 1887 ab
1416 1865 1527 1899 aqua,
1561 1853 1715 1887 alterum
1739 1852 1777 1886 in
1804 1862 1896 1897 aqua
1921 1851 2000 1896 ipsa
2025 1854 2167 1895 captum
2193 1852 2258 1883 est.

673 1970 725 2004 Π.
784 1970 1116 2007 FEMINAE
1168 1969 1515 2006 ADULTAE
1565 1967 1925 2004 MATURAE.

386 2043 415 2074 1.
461 2042 584 2084 Supra
596 2043 747 2084 fuscae,
777 2044 880 2075 lineis
910 2044 1043 2075 duabus
1074 2044 1389 2089 long-itudlmzllbus
1421 2043 1703 2081 obscurioribas;
1735 2043 1839 2084 ‘iufra
1865 2039 2210 2087 aegro-maculatae.

334 2127 530 2162 Dorsum
565 2129 844 2173 planiusculum,
889 2130 985 2163 linea
1025 2131 1275 2175 longitudinali
1308 2131 1520 2164 subelevata
1560 2133 1622 2164 aut
1655 2129 1908 2174 subimpressa.
1971 2126 2127 2161 Gauda
2167 2124 2408 2167 ἴθι-0111150010,

186 2196 323 2239 apicem
356 2207 484 2230 versus
517 2197 849 2240 compressiuscula.
909 2196 1135 2232 Maxillae
1174 2198 1370 2242 superioris
1404 2197 1566 2243 margine
1601 2197 1661 2231 vel
1695 2197 1828 2241 ubique
1862 2198 1982 2238 recto,
2022 2195 2083 2228 vel
2115 2194 2266 2239 angulos
2298 2193 2408 2227 rictus

187 2274 312 2296 versus
338 2264 549 2298 subdessexo
577 2264 668 2297 sieut
695 2264 729 2297 in
756 2265 913 2298 maribus
936 2265 1012 2308 jam
1039 2265 1238 2309 descriptis.
1301 2265 1458 2299 Tuber
1491 2265 1623 2299 anale
1659 2265 1820 2309 margine
1853 2264 1964 2297 rimae
1998 2262 2194 2306 majoribus
2227 2264 2406 2295 transver-

187 2331 254 2364 sim
280 2342 433 2376 rugoso,
462 2331 657 2365 minoribus
685 2332 880 2365 crenulato.
932 2331 1193 2376 Longitudo
1231 2333 1390 2376 corporis
1428 2332 1589 2376 lgr—1³2<
1607 2333 1784 2376 pollicum.
1847 2330 1974 2365 Gauda
2006 2340 2156 2374 corpore
2182 2329 2288 2373 paulo
2324 2329 2403 2362 bre-

187 2398 277 2431 vior.
331 2396 469 2431 Color
495 2398 531 2431 in
558 2399 664 2431 dorso
693 2399 807 2432 trunci
835 2402 870 2432 ct
896 2399 1032 2432 caudae
1059 2400 1183 2432 fuscus
1211 2403 1272 2432 aut
1297 2400 1536 2433 rufo-fuscus
1564 2403 1628 2432 aut
1653 2399 1788 2442 piceus,
1826 2398 1921 2431 linea
1946 2397 2065 2431 media
2083 2395 2332 2441 longitudinali
2352 2395 2402 2429 ni-

187 2465 364 2520 gricante,
400 2465 572 2509 lineisque
600 2466 757 2507 duabus,
792 2466 937 2499 dorsum
964 2467 1109 2509 planum
1136 2466 1404 2508 definientibus,
1440 2466 1707 2508 subundulatis,
1738 2464 1983 2510 nigro-fuscis
2011 2467 2073 2497 aut
2097 2463 2220 2507 nigris.
2271 2461 2406 2496 Latera

186 2532 301 2565 trunci
328 2532 621 2577 cinereo-nigra,
659 2533 990 2577 nigro-maculata3
1023 2533 1137 2566 latera
1164 2534 1300 2567 caudae
1328 2533 1488 2577 ejusdem
1516 2533 1645 2566 coloris
1673 2536 1708 2566 et
1734 2533 1913 2576 picturae,
1956 2531 2021 2565 sed
2047 2530 2161 2575 magis
2188 2541 2267 2563 cnm
2301 2530 2403 2564 fusco

187 2603 248 2632 aut
275 2599 375 2642 piceo
403 2600 526 2632 mixta.
581 2599 697 2643 Caput
723 2612 831 2644 supra
857 2601 1192 2645 cinereo-nigrum,
1240 2601 1367 2634 taeniis
1404 2604 1556 2645 quatuor
1583 2600 1868 2642 obscurioribus,
1913 2598 2142 2633 maxillarum
2180 2597 2404 2641 superiorum

189 2666 349 2710 margine.
376 2678 513 2699 summo
541 2667 678 2710 albid03
713 2668 806 2700 infra
833 2668 890 2701 vel
917 2671 1030 2701 totum
1057 2668 1233 2710 albidum,
1268 2668 1327 2701 vel
1353 2668 1492 2712 punctis
1518 2668 1642 2712 paucis
1669 2667 1911 2712 nigro-fuscis
1939 2667 2147 2708 irroratum,
2180 2664 2240 2698 vel
2265 2664 2404 2709 punctis

189 2733 383 2776 majoribus
412 2734 580 2768 confertis
608 2738 642 2767 et
668 2735 828 2779 margine
855 2736 1022 2769 maxillae
1049 2735 1229 2768 inferioris
1255 2735 1366 2779 nigris
1392 2736 1626 2780 variegatum.
1680 2735 1873 2769 Abdomen
1898 2733 2038 2779 punctis
2071 2732 2267 2776 majoribus
2293 2731 2405 2765 mino-

186 2800 354 2845 ribusque
382 2801 511 2845 nigris,
547 2813 697 2846 quorum
730 2803 892 2835 lateralia
927 2803 961 2835 in
988 2803 1118 2835 lincam
1155 2803 1448 2846 longitudinalem
1482 2804 1682 2845 confluunt,
1724 2802 1843 2836 media
1875 2806 2012 2843 autem,
2053 2800 2149 2834 haud
2176 2799 2401 2842 confluentia,

186 2867 359 2901 interdum
385 2869 421 2901 111
447 2869 558 2902 series
584 2873 734 2914 quatuor
760 2869 942 2903 distinctas
977 2869 1150 2913 disposita
1182 2872 1274 2903 sunt.
1327 2868 1448 2903 Pedes
1474 2881 1583 2914 supra
1608 2869 1895 2914 nigro-cinerei,
1936 2867 2086 2903 maculis
2113 2867 2325 2912 quibusdam
2348 2865 2400 2900 ni-

187 2934 278 2977 gris,
312 2935 405 2969 infra
432 2936 551 2970 albidi.
606 2936 753 2970 Caudae
781 2937 876 2970 acies
904 2937 1044 2970 inferna
1070 2940 1145 2970 tota
1171 2936 1392 2970 albo-flava.

340 3002 567 3037 Individuum
595 3015 703 3048 supra
730 3004 915 3037 obscurius
942 3005 1159 3046 coloratum,
1194 3004 1342 3037 maculis
1369 3004 1654 3038 abdominalibus
1680 3004 1716 3037 in
1743 3004 1855 3038 series
1889 3007 2041 3048 quatuor
2067 3001 2248 3036 distinctas
2285 2999 2402 3043 dispo-

192 3067 286 3108 sitis,
322 3079 426 3102 verus
465 3075 517 3103 est
545 3071 709 3105 Triton
744 3071 969 3115 palustris
995 3071 1196 3104 LAURENU
1224 3082 1305 3114 pag.
1322 3071 1389 3113 39,
1417 3072 1487 3105 tab.
1504 3071 1560 3106 lV
1594 3071 1651 3116 fig.
1670 3072 1704 3105 2.
1756 3070 1888 3105 Nescio
1916 3081 1979 3103 cur
2012 3068 2181 3103 MERREM
2215 3066 2404 3100 Tritonem

193 3135 382 3177 palustrem
411 3135 532 3170 Lura.
561 3149 593 3180 p.
614 3138 661 3171 39
688 3139 732 3170 ad
760 3137 942 3182 Molgcn
971 3139 1216 3179 cincream,
1251 3138 1392 3170 tabulae
1415 3137 1471 3171 lV
1498 3138 1554 3182 fig.
1573 3138 1607 3172 2.
1645 3142 1765 3171 autem
1792 3139 1837 3171 ad
1863 3137 2047 3181 Molgen
2081 3135 2328 3168 YVURFBAINII
2356 3133 2403 3166 ci-

192 3201 337 3242 taverit,
373 3213 487 3245 eoque
515 3204 785 3247 descriptionem
813 3209 847 3238 et
873 3206 1011 3239 iconem
1038 3205 1142 3238 unius
1170 3205 1400 3249 ejusdemque
1427 3205 1559 3248 speciei
1586 3206 1799 3248 disjunxerit
1825 3225 1872 3229 —
1899 3203 2095 3243 Praeterea
2122 3204 2239 3233 autem
2266 3201 2312 3234 ad
2338 3199 2403 3234 has

191 3268 341 3301 seminas
367 3269 579 3302 referendae
606 3274 705 3303 sunt:
749 3271 1050 3306 Salamandra
1083 3272 1310 3316 palustris
1337 3271 1571 3305 SCHNElDERl
1607 3284 1687 3316 pag.
1708 3272 1777 3314 60,
1814 3272 1877 3305 ubi
1913 3274 2031 3304 autem
2065 3268 2173 3301 citata
2198 3267 2401 3301 Lacerta

195 3335 420 3377 palustris
453 3335 751 3370 RAzouluovsKu
788 3339 939 3372 delenda
973 3343 1043 3381 est,
1085 3339 1213 3383 quippe
1249 3349 1340 3382 quae.
1382 3339 1478 3372 haud
1511 3340 1557 3372 ad
1590 3344 1750 3373 nostram
1783 3338 1937 3382 speeiem
1973 3338 2126 3379 spectat,
2171 3335 2235 3368 sed
2267 3335 2327 3367 vel
2353 3333 2400 3367 ad

193 3399 374 3445 Molgen
410 3404 680 3447 palustrem,
724 3405 768 3437 ad
795 3416 899 3448 quam
925 3405 1091 3439 Mfflznssm
1127 3418 1205 3440 eam
1232 3406 1393 3447 adhibet,
1429 3407 1487 3439 vel
1522 3407 1567 3440 ad
1593 3406 1644 3440 M.
1679 3407 1997 3440 marmoratam
2031 3414 2096 3435 seu
2132 3412 2266 3435 marem
2292 3399 2397 3434 Mol-

191 3478 268 3510 ges
306 3470 463 3513 igneae
489 3476 632 3504 nostrae
660 3492 706 3495 ——
741 3471 849 3505 Sala
861 3483 905 3505 m.
934 3473 1242 3506 abdominalis
1270 3472 1454 3506 DAUlel
1482 3485 1562 3518 pag.
1580 3473 1654 3508 250
1681 3478 1715 3507 et
1741 3473 1975 3508 LA'rRfflLLEi
2004 3470 2079 3503 Sal.
2107 3481 2139 3513 p.
2157 3467 2224 3510 ΞΟ,
2259 3468 2330 3501 tab.
2349 3466 2395 3508 V,

189 3534 286 3578 figuli
312 3536 358 3570 B.
379 3537 437 3579 et,
473 3550 563 3583 quac
599 3539 644 3572 ad
679 3538 865 3572 Tritonem
892 3540 1084 3583 palustrem
1121 3541 1336 3574 LAURan
1373 3540 1504 3584 optime
1529 3543 1699 3585 quadrat,
1741 3540 1821 3574 licet
1848 3538 2002 3572 mmm*
2030 3548 2096 3570 nec
2130 3536 2228 3569 illum
2254 3534 2395 3578 alleget,
