<?xml version="1.0" encoding="UTF-8"?>
<!DOCTYPE html PUBLIC "-//W3C//DTD XHTML 1.0 Transitional//EN"
    "http://www.w3.org/TR/xhtml1/DTD/xhtml1-transitional.dtd">
<html xmlns="http://www.w3.org/1999/xhtml" xml:lang="en" lang="en">
 <head>
  <title>
</title>
<meta http-equiv="Content-Type" content="text/html;charset=utf-8" />
  <meta name='ocr-system' content='tesseract 3.04.00' />
  <meta name='ocr-capabilities' content='ocr_page ocr_carea ocr_par ocr_line ocrx_word'/>
</head>
<body>
  <div class='ocr_page' id='page_1' title='image "./reptiliamuseizoo00uniw_0039.png"; bbox 0 0 2632 3890; ppageno 0'>
   <div class='ocr_carea' id='block_1_1' title="bbox 1064 167 2324 219">
    <p class='ocr_par' dir='ltr' id='par_1_1' title="bbox 1064 167 2324 219">
     <span class='ocr_line' id='line_1_1' title="bbox 1064 167 2324 219; baseline -0.001 -18"><span class='ocrx_word' id='word_1_1' title='bbox 1064 167 1147 202; x_wconf 87' lang='lat'>111.</span> <span class='ocrx_word' id='word_1_2' title='bbox 1201 167 1371 203; x_wconf 72' lang='lat' dir='ltr'>EMYS.</span> <span class='ocrx_word' id='word_1_3' title='bbox 2264 175 2324 219; x_wconf 76' lang='lat'>13</span> 
     </span>
    </p>
   </div>
   <div class='ocr_carea' id='block_1_2' title="bbox 130 272 2343 2667">
    <p class='ocr_par' dir='ltr' id='par_1_2' title="bbox 276 272 2329 394">
     <span class='ocr_line' id='line_1_2' title="bbox 276 272 2329 330; baseline 0.005 -22"><span class='ocrx_word' id='word_1_4' title='bbox 276 272 314 316; x_wconf 81' lang='lat'>2)</span> <span class='ocrx_word' id='word_1_5' title='bbox 341 272 559 308; x_wconf 86' lang='lat' dir='ltr'>Varietas</span> <span class='ocrx_word' id='word_1_6' title='bbox 592 273 796 307; x_wconf 87' lang='lat' dir='ltr'>lutariae</span> <span class='ocrx_word' id='word_1_7' title='bbox 830 274 972 318; x_wconf 87' lang='lat' dir='ltr'>prima</span> <span class='ocrx_word' id='word_1_8' title='bbox 1005 277 1162 310; x_wconf 83' lang='lat' dir='ltr'>scutellis</span> <span class='ocrx_word' id='word_1_9' title='bbox 1197 277 1450 322; x_wconf 74' lang='lat' dir='ltr'>marginalibus</span> <span class='ocrx_word' id='word_1_10' title='bbox 1484 275 1564 328; x_wconf 24' lang='lat'>243,</span> <span class='ocrx_word' id='word_1_11' title='bbox 1605 278 1744 311; x_wconf 88' lang='lat' dir='ltr'>duobus</span> <span class='ocrx_word' id='word_1_12' title='bbox 1779 281 1902 315; x_wconf 84' lang='lat' dir='ltr'>amicis</span> <span class='ocrx_word' id='word_1_13' title='bbox 1930 282 2143 326; x_wconf 88' lang='lat' dir='ltr'>conjunctim</span> <span class='ocrx_word' id='word_1_14' title='bbox 2169 285 2329 330; x_wconf 82' lang='lat' dir='ltr'>margine</span> 
     </span>
     <span class='ocr_line' id='line_1_3' title="bbox 427 341 2203 394; baseline 0.006 -21"><span class='ocrx_word' id='word_1_15' title='bbox 427 341 542 374; x_wconf 90' lang='lat' dir='ltr'>antico</span> <span class='ocrx_word' id='word_1_16' title='bbox 570 344 733 382; x_wconf 75' lang='lat' dir='ltr'>arcuato,</span> <span class='ocrx_word' id='word_1_17' title='bbox 768 345 888 375; x_wconf 88' lang='lat' dir='ltr'>centro</span> <span class='ocrx_word' id='word_1_18' title='bbox 917 343 1096 376; x_wconf 88' lang='lat' dir='ltr'>sulcorum</span> <span class='ocrx_word' id='word_1_19' title='bbox 1121 344 1158 375; x_wconf 90' lang='grc'>111</span> <span class='ocrx_word' id='word_1_20' title='bbox 1185 345 1317 387; x_wconf 87' lang='lat' dir='ltr'>angulo</span> <span class='ocrx_word' id='word_1_21' title='bbox 1344 345 1459 377; x_wconf 87' lang='lat' dir='ltr'>antico</span> <span class='ocrx_word' id='word_1_22' title='bbox 1486 345 1653 378; x_wconf 88' lang='lat' dir='ltr'>interiore</span> <span class='ocrx_word' id='word_1_23' title='bbox 1680 346 1748 378; x_wconf 88' lang='lat' dir='ltr'>sito</span> <span class='ocrx_word' id='word_1_24' title='bbox 1777 346 1891 389; x_wconf 72' lang='lat' dir='ltr'>(Tab.</span> <span class='ocrx_word' id='word_1_25' title='bbox 1919 348 1997 391; x_wconf 74' lang='grc' dir='ltr'><strong>ΙΙΙ,</strong></span> <span class='ocrx_word' id='word_1_26' title='bbox 2025 350 2102 394; x_wconf 73' lang='lat' dir='ltr'>fig.</span> <span class='ocrx_word' id='word_1_27' title='bbox 2137 350 2203 393; x_wconf 92' lang='grc' dir='ltr'>ΙΙ).</span> 
     </span>
    </p>

    <p class='ocr_par' dir='ltr' id='par_1_3' title="bbox 277 406 2333 576">
     <span class='ocr_line' id='line_1_4' title="bbox 277 406 2331 462; baseline 0.005 -20"><span class='ocrx_word' id='word_1_28' title='bbox 277 406 314 450; x_wconf 84' lang='lat'>3)</span> <span class='ocrx_word' id='word_1_29' title='bbox 341 406 561 442; x_wconf 88' lang='lat' dir='ltr'>Varietas</span> <span class='ocrx_word' id='word_1_30' title='bbox 596 408 798 441; x_wconf 88' lang='lat' dir='ltr'>lutariae</span> <span class='ocrx_word' id='word_1_31' title='bbox 833 410 1035 443; x_wconf 87' lang='lat' dir='ltr'>secunda</span> <span class='ocrx_word' id='word_1_32' title='bbox 1071 410 1228 443; x_wconf 80' lang='lat' dir='ltr'>scutellis</span> <span class='ocrx_word' id='word_1_33' title='bbox 1254 411 1509 454; x_wconf 72' lang='lat' dir='ltr'>marginalibus</span> <span class='ocrx_word' id='word_1_34' title='bbox 1536 411 1602 454; x_wconf 74' lang='lat'>243</span> <span class='ocrx_word' id='word_1_35' title='bbox 1654 413 1792 445; x_wconf 89' lang='lat' dir='ltr'>duobus</span> <span class='ocrx_word' id='word_1_36' title='bbox 1826 415 1949 448; x_wconf 82' lang='grc'><strong>11011015</strong></span> <span class='ocrx_word' id='word_1_37' title='bbox 1977 417 2331 462; x_wconf 81' lang='lat' dir='ltr'>subtriangularibus,</span> 
     </span>
     <span class='ocr_line' id='line_1_5' title="bbox 425 474 2333 525; baseline 0.006 -18"><span class='ocrx_word' id='word_1_38' title='bbox 425 474 644 519; x_wconf 81' lang='lat' dir='ltr'>marginibus</span> <span class='ocrx_word' id='word_1_39' title='bbox 679 475 804 510; x_wconf 87' lang='lat' dir='ltr'>anticis</span> <span class='ocrx_word' id='word_1_40' title='bbox 838 477 993 510; x_wconf 91' lang='lat' dir='ltr'>medium</span> <span class='ocrx_word' id='word_1_41' title='bbox 1026 487 1153 510; x_wconf 84' lang='lat' dir='ltr'>versus</span> <span class='ocrx_word' id='word_1_42' title='bbox 1180 476 1375 518; x_wconf 80' lang='lat' dir='ltr'>inclinatis,</span> <span class='ocrx_word' id='word_1_43' title='bbox 1429 482 1548 512; x_wconf 90' lang='lat' dir='ltr'>centro</span> <span class='ocrx_word' id='word_1_44' title='bbox 1584 479 1764 513; x_wconf 84' lang='lat' dir='ltr'>sulcorum</span> <span class='ocrx_word' id='word_1_45' title='bbox 1789 480 1825 513; x_wconf 92' lang='lat' dir='ltr'>in</span> <span class='ocrx_word' id='word_1_46' title='bbox 1852 482 1982 525; x_wconf 84' lang='lat' dir='ltr'>angulo</span> <span class='ocrx_word' id='word_1_47' title='bbox 2011 484 2126 517; x_wconf 84' lang='lat' dir='ltr'>antico</span> <span class='ocrx_word' id='word_1_48' title='bbox 2154 486 2333 519; x_wconf 76' lang='lat' dir='ltr'>exteriore</span> 
     </span>
     <span class='ocr_line' id='line_1_6' title="bbox 426 541 506 576; baseline 0.013 -1"><span class='ocrx_word' id='word_1_49' title='bbox 426 541 506 576; x_wconf 89' lang='lat' dir='ltr'>sito.</span> 
     </span>
    </p>

    <p class='ocr_par' dir='ltr' id='par_1_4' title="bbox 130 606 2339 976">
     <span class='ocr_line' id='line_1_7' title="bbox 278 606 2333 654; baseline 0.006 -14"><span class='ocrx_word' id='word_1_50' title='bbox 278 606 355 641; x_wconf 87' lang='lat' dir='ltr'>Has</span> <span class='ocrx_word' id='word_1_51' title='bbox 382 607 616 651; x_wconf 85' lang='lat' dir='ltr'>differentias,</span> <span class='ocrx_word' id='word_1_52' title='bbox 659 609 818 654; x_wconf 87' lang='lat' dir='ltr'>aliasque</span> <span class='ocrx_word' id='word_1_53' title='bbox 844 609 1016 654; x_wconf 84' lang='lat' dir='ltr'>quasdam</span> <span class='ocrx_word' id='word_1_54' title='bbox 1040 610 1178 643; x_wconf 90' lang='lat' dir='ltr'>ratione</span> <span class='ocrx_word' id='word_1_55' title='bbox 1204 609 1399 644; x_wconf 87' lang='lat' dir='ltr'>latitudinis</span> <span class='ocrx_word' id='word_1_56' title='bbox 1426 612 1655 646; x_wconf 88' lang='lat' dir='ltr'>scutellorum</span> <span class='ocrx_word' id='word_1_57' title='bbox 1682 614 1936 648; x_wconf 82' lang='lat' dir='ltr'>vertebralium</span> <span class='ocrx_word' id='word_1_58' title='bbox 1962 618 1997 648; x_wconf 90' lang='lat' dir='ltr'>et</span> <span class='ocrx_word' id='word_1_59' title='bbox 2023 616 2173 650; x_wconf 88' lang='lat' dir='ltr'>duorum</span> <span class='ocrx_word' id='word_1_60' title='bbox 2200 619 2333 652; x_wconf 88' lang='lat' dir='ltr'>antico-</span> 
     </span>
     <span class='ocr_line' id='line_1_8' title="bbox 132 675 2335 724; baseline 0.005 -17"><span class='ocrx_word' id='word_1_61' title='bbox 132 685 211 708; x_wconf 88' lang='lat' dir='ltr'>rum</span> <span class='ocrx_word' id='word_1_62' title='bbox 242 675 430 719; x_wconf 79' lang='lat' dir='ltr'>marginis,</span> <span class='ocrx_word' id='word_1_63' title='bbox 483 676 543 709; x_wconf 91' lang='lat' dir='ltr'>alii</span> <span class='ocrx_word' id='word_1_64' title='bbox 575 677 699 710; x_wconf 81' lang='lat' dir='ltr'>forsan</span> <span class='ocrx_word' id='word_1_65' title='bbox 725 677 872 711; x_wconf 86' lang='lat' dir='ltr'>idoneas</span> <span class='ocrx_word' id='word_1_66' title='bbox 900 677 1094 710; x_wconf 82' lang='lat' dir='ltr'>censebunt</span> <span class='ocrx_word' id='word_1_67' title='bbox 1127 677 1172 710; x_wconf 90' lang='lat' dir='ltr'>ad</span> <span class='ocrx_word' id='word_1_68' title='bbox 1198 689 1311 710; x_wconf 74' lang='lat' dir='ltr'>novas</span> <span class='ocrx_word' id='word_1_69' title='bbox 1338 677 1476 721; x_wconf 86' lang='lat' dir='ltr'>species</span> <span class='ocrx_word' id='word_1_70' title='bbox 1505 679 1555 711; x_wconf 84' lang='lat' dir='ltr'>eis</span> <span class='ocrx_word' id='word_1_71' title='bbox 1583 682 1896 724; x_wconf 84' lang='lat' dir='ltr'>superstruendas3</span> <span class='ocrx_word' id='word_1_72' title='bbox 1949 694 2029 715; x_wconf 90' lang='lat' dir='ltr'>cum</span> <span class='ocrx_word' id='word_1_73' title='bbox 2056 687 2174 716; x_wconf 88' lang='lat' dir='ltr'>autem</span> <span class='ocrx_word' id='word_1_74' title='bbox 2200 696 2265 717; x_wconf 89' lang='grc'>000</span> <span class='ocrx_word' id='word_1_75' title='bbox 2292 687 2335 719; x_wconf 89' lang='lat' dir='ltr'>de</span> 
     </span>
     <span class='ocr_line' id='line_1_9' title="bbox 132 742 2336 794; baseline 0.005 -19"><span class='ocrx_word' id='word_1_76' title='bbox 132 742 248 775; x_wconf 80' lang='lat' dir='ltr'>forma</span> <span class='ocrx_word' id='word_1_77' title='bbox 275 746 309 774; x_wconf 90' lang='lat' dir='ltr'>et</span> <span class='ocrx_word' id='word_1_78' title='bbox 333 747 461 776; x_wconf 89' lang='lat' dir='ltr'>natura</span> <span class='ocrx_word' id='word_1_79' title='bbox 486 743 648 777; x_wconf 90' lang='lat' dir='ltr'>animalis</span> <span class='ocrx_word' id='word_1_80' title='bbox 676 742 785 787; x_wconf 82' lang='lat' dir='ltr'>ipsius</span> <span class='ocrx_word' id='word_1_81' title='bbox 811 743 1025 777; x_wconf 67' lang='lat' dir='ltr'>varietatum</span> <span class='ocrx_word' id='word_1_82' title='bbox 1052 744 1327 787; x_wconf 75' lang='lat' dir='ltr'>descriptarum,</span> <span class='ocrx_word' id='word_1_83' title='bbox 1355 756 1421 777; x_wconf 89' lang='lat' dir='ltr'>nec</span> <span class='ocrx_word' id='word_1_84' title='bbox 1448 745 1492 777; x_wconf 90' lang='lat' dir='ltr'>de</span> <span class='ocrx_word' id='word_1_85' title='bbox 1518 746 1633 788; x_wconf 88' lang='lat' dir='ltr'>patria</span> <span class='ocrx_word' id='word_1_86' title='bbox 1651 758 1789 789; x_wconf 78' lang='lat' dir='ltr'>earum,</span> <span class='ocrx_word' id='word_1_87' title='bbox 1819 749 1950 793; x_wconf 89' lang='lat' dir='ltr'>aliquid</span> <span class='ocrx_word' id='word_1_88' title='bbox 1967 753 2121 791; x_wconf 83' lang='lat' dir='ltr'>constet,</span> <span class='ocrx_word' id='word_1_89' title='bbox 2149 750 2336 794; x_wconf 72' lang='lat' dir='ltr'>haesitavi,</span> 
     </span>
     <span class='ocr_line' id='line_1_10' title="bbox 132 809 2339 861; baseline 0.005 -20"><span class='ocrx_word' id='word_1_90' title='bbox 132 809 318 853; x_wconf 81' lang='lat' dir='ltr'>quominus</span> <span class='ocrx_word' id='word_1_91' title='bbox 351 814 460 843; x_wconf 88' lang='lat' dir='ltr'>testas</span> <span class='ocrx_word' id='word_1_92' title='bbox 494 810 558 844; x_wconf 89' lang='lat' dir='ltr'>has</span> <span class='ocrx_word' id='word_1_93' title='bbox 585 821 648 854; x_wconf 91' lang='lat' dir='ltr'>pro</span> <span class='ocrx_word' id='word_1_94' title='bbox 676 811 862 854; x_wconf 72' lang='lat' dir='ltr'>speciebus</span> <span class='ocrx_word' id='word_1_95' title='bbox 890 811 1128 854; x_wconf 67' lang='lat' dir='ltr'>peculiaribus</span> <span class='ocrx_word' id='word_1_96' title='bbox 1163 822 1372 855; x_wconf 75' lang='lat' dir='ltr'>agnoscam,</span> <span class='ocrx_word' id='word_1_97' title='bbox 1426 811 1614 855; x_wconf 87' lang='lat' dir='ltr'>potiusque</span> <span class='ocrx_word' id='word_1_98' title='bbox 1642 819 1830 856; x_wconf 85' lang='lat' dir='ltr'>expectare</span> <span class='ocrx_word' id='word_1_99' title='bbox 1857 816 1984 858; x_wconf 91' lang='lat' dir='ltr'>malui,</span> <span class='ocrx_word' id='word_1_100' title='bbox 2038 818 2121 850; x_wconf 92' lang='lat' dir='ltr'>dum</span> <span class='ocrx_word' id='word_1_101' title='bbox 2147 818 2339 861; x_wconf 80' lang='lat' dir='ltr'>specimina</span> 
     </span>
     <span class='ocr_line' id='line_1_11' title="bbox 130 876 2337 927; baseline 0.005 -19"><span class='ocrx_word' id='word_1_102' title='bbox 130 876 251 919; x_wconf 86' lang='lat' dir='ltr'>plura,</span> <span class='ocrx_word' id='word_1_103' title='bbox 304 887 383 910; x_wconf 91' lang='lat' dir='ltr'>cum</span> <span class='ocrx_word' id='word_1_104' title='bbox 409 877 553 910; x_wconf 87' lang='lat' dir='ltr'>animali</span> <span class='ocrx_word' id='word_1_105' title='bbox 579 877 714 919; x_wconf 81' lang='lat' dir='ltr'>incola,</span> <span class='ocrx_word' id='word_1_106' title='bbox 767 877 995 911; x_wconf 90' lang='lat' dir='ltr'>examinandi</span> <span class='ocrx_word' id='word_1_107' title='bbox 1023 880 1058 910; x_wconf 88' lang='lat' dir='ltr'>et</span> <span class='ocrx_word' id='word_1_108' title='bbox 1084 889 1164 911; x_wconf 89' lang='grc'><strong>01011</strong></span> <span class='ocrx_word' id='word_1_109' title='bbox 1198 881 1321 911; x_wconf 82' lang='grc'><strong>11051111</strong></span> <span class='ocrx_word' id='word_1_110' title='bbox 1354 877 1520 922; x_wconf 88' lang='lat' dir='ltr'>Emyde</span> <span class='ocrx_word' id='word_1_111' title='bbox 1554 879 1684 912; x_wconf 86' lang='lat' dir='ltr'>lutaria</span> <span class='ocrx_word' id='word_1_112' title='bbox 1709 882 1914 916; x_wconf 84' lang='lat' dir='ltr'>conferendi</span> <span class='ocrx_word' id='word_1_113' title='bbox 1941 884 2183 927; x_wconf 85' lang='lat' dir='ltr'>opportunitas</span> <span class='ocrx_word' id='word_1_114' title='bbox 2210 897 2250 919; x_wconf 88' lang='lat' dir='ltr'>se</span> <span class='ocrx_word' id='word_1_115' title='bbox 2277 887 2337 919; x_wconf 91' lang='lat' dir='ltr'>ob-</span> 
     </span>
     <span class='ocr_line' id='line_1_12' title="bbox 132 942 261 976; baseline 0.008 -1"><span class='ocrx_word' id='word_1_116' title='bbox 132 942 261 976; x_wconf 87' lang='lat' dir='ltr'>tulerit.</span> 
     </span>
    </p>

    <p class='ocr_par' dir='ltr' id='par_1_5' title="bbox 131 1003 2343 2667">
     <span class='ocr_line' id='line_1_13' title="bbox 277 1003 2337 1062; baseline 0.004 -18"><span class='ocrx_word' id='word_1_117' title='bbox 277 1008 335 1044; x_wconf 85' lang='lat' dir='ltr'>De</span> <span class='ocrx_word' id='word_1_118' title='bbox 362 1009 643 1043; x_wconf 89' lang='lat' dir='ltr'>incremento</span> <span class='ocrx_word' id='word_1_119' title='bbox 671 1013 707 1043; x_wconf 88' lang='lat' dir='ltr'>et</span> <span class='ocrx_word' id='word_1_120' title='bbox 733 1010 777 1044; x_wconf 86' lang='lat' dir='ltr'>de</span> <span class='ocrx_word' id='word_1_121' title='bbox 803 1003 1058 1044; x_wconf 76' lang='lat' dir='ltr'>mutatione</span> <span class='ocrx_word' id='word_1_122' title='bbox 1084 1011 1261 1045; x_wconf 87' lang='lat' dir='ltr'>formae</span> <span class='ocrx_word' id='word_1_123' title='bbox 1288 1015 1469 1045; x_wconf 87' lang='lat' dir='ltr'>scutorum</span> <span class='ocrx_word' id='word_1_124' title='bbox 1495 1012 1623 1046; x_wconf 88' lang='lat' dir='ltr'>horum</span> <span class='ocrx_word' id='word_1_125' title='bbox 1649 1013 1854 1049; x_wconf 83' lang='lat' dir='ltr'>animalium</span> <span class='ocrx_word' id='word_1_126' title='bbox 1879 1015 1937 1049; x_wconf 89' lang='lat' dir='ltr'>hic</span> <span class='ocrx_word' id='word_1_127' title='bbox 1962 1018 2132 1051; x_wconf 89' lang='lat' dir='ltr'>nonnulla</span> <span class='ocrx_word' id='word_1_128' title='bbox 2147 1019 2337 1062; x_wconf 87' lang='lat' dir='ltr'>proferam,</span> 
     </span>
     <span class='ocr_line' id='line_1_14' title="bbox 131 1077 2340 1128; baseline 0.005 -19"><span class='ocrx_word' id='word_1_129' title='bbox 131 1087 240 1121; x_wconf 87' lang='lat' dir='ltr'>quae,</span> <span class='ocrx_word' id='word_1_130' title='bbox 276 1077 571 1120; x_wconf 78' lang='lat' dir='ltr'>contemplatione</span> <span class='ocrx_word' id='word_1_131' title='bbox 598 1081 633 1110; x_wconf 84' lang='lat' dir='ltr'>et</span> <span class='ocrx_word' id='word_1_132' title='bbox 659 1077 848 1111; x_wconf 88' lang='lat' dir='ltr'>collatione</span> <span class='ocrx_word' id='word_1_133' title='bbox 875 1078 1029 1121; x_wconf 87' lang='lat' dir='ltr'>plurium</span> <span class='ocrx_word' id='word_1_134' title='bbox 1056 1078 1272 1121; x_wconf 73' lang='lat' dir='ltr'>specierum,</span> <span class='ocrx_word' id='word_1_135' title='bbox 1308 1079 1393 1112; x_wconf 82' lang='lat' dir='ltr'>mihi</span> <span class='ocrx_word' id='word_1_136' title='bbox 1420 1091 1459 1112; x_wconf 88' lang='lat' dir='ltr'>se</span> <span class='ocrx_word' id='word_1_137' title='bbox 1487 1081 1708 1114; x_wconf 87' lang='lat' dir='ltr'>obtulerunt:</span> <span class='ocrx_word' id='word_1_138' title='bbox 1763 1080 1980 1116; x_wconf 85' lang='lat' dir='ltr'>Centrum</span> <span class='ocrx_word' id='word_1_139' title='bbox 2014 1096 2226 1128; x_wconf 88' lang='lat' dir='ltr'>rugarum</span> <span class='ocrx_word' id='word_1_140' title='bbox 2260 1099 2340 1120; x_wconf 88' lang='lat' dir='ltr'>seu</span> 
     </span>
     <span class='ocr_line' id='line_1_15' title="bbox 132 1144 2339 1198; baseline 0.005 -21"><span class='ocrx_word' id='word_1_141' title='bbox 132 1144 361 1177; x_wconf 89' lang='lat' dir='ltr'>sulcorum</span> <span class='ocrx_word' id='word_1_142' title='bbox 388 1144 708 1187; x_wconf 83' lang='lat' dir='ltr'>concentricorum,</span> <span class='ocrx_word' id='word_1_143' title='bbox 744 1145 780 1178; x_wconf 89' lang='lat' dir='ltr'>in</span> <span class='ocrx_word' id='word_1_144' title='bbox 806 1145 1022 1179; x_wconf 88' lang='lat' dir='ltr'>scutellis</span> <span class='ocrx_word' id='word_1_145' title='bbox 1052 1145 1320 1179; x_wconf 81' lang='lat' dir='ltr'>dorsalibus</span> <span class='ocrx_word' id='word_1_146' title='bbox 1348 1145 1494 1190; x_wconf 76' lang='lat' dir='ltr'>Emydis</span> <span class='ocrx_word' id='word_1_147' title='bbox 1521 1147 1691 1189; x_wconf 84' lang='lat' dir='ltr'>lutariae,</span> <span class='ocrx_word' id='word_1_148' title='bbox 1728 1148 1774 1181; x_wconf 91' lang='lat' dir='ltr'>ad</span> <span class='ocrx_word' id='word_1_149' title='bbox 1799 1150 1995 1193; x_wconf 80' lang='lat' dir='ltr'>marginem</span> <span class='ocrx_word' id='word_1_150' title='bbox 2022 1152 2195 1194; x_wconf 81' lang='lat' dir='ltr'>posticum</span> <span class='ocrx_word' id='word_1_151' title='bbox 2221 1154 2339 1198; x_wconf 86' lang='lat' dir='ltr'>singu-</span> 
     </span>
     <span class='ocr_line' id='line_1_16' title="bbox 131 1211 2341 1259; baseline 0.004 -15"><span class='ocrx_word' id='word_1_152' title='bbox 131 1211 248 1245; x_wconf 92' lang='lat' dir='ltr'>lorum</span> <span class='ocrx_word' id='word_1_153' title='bbox 274 1211 502 1245; x_wconf 89' lang='lat' dir='ltr'>scutellorum</span> <span class='ocrx_word' id='word_1_154' title='bbox 528 1212 761 1255; x_wconf 69' lang='lat' dir='ltr'>conspicitur-3</span> <span class='ocrx_word' id='word_1_155' title='bbox 801 1212 838 1245; x_wconf 90' lang='lat' dir='ltr'>in</span> <span class='ocrx_word' id='word_1_156' title='bbox 864 1212 1220 1246; x_wconf 87' lang='lat' dir='ltr'>vertebralibus</span> <span class='ocrx_word' id='word_1_157' title='bbox 1249 1217 1375 1246; x_wconf 81' lang='lat' dir='ltr'>exacte</span> <span class='ocrx_word' id='word_1_158' title='bbox 1402 1213 1438 1246; x_wconf 89' lang='lat' dir='ltr'>in</span> <span class='ocrx_word' id='word_1_159' title='bbox 1464 1214 1581 1247; x_wconf 89' lang='lat' dir='ltr'>medio</span> <span class='ocrx_word' id='word_1_160' title='bbox 1609 1215 1780 1259; x_wconf 78' lang='lat' dir='ltr'>marginis</span> <span class='ocrx_word' id='word_1_161' title='bbox 1807 1217 1933 1259; x_wconf 86' lang='lat' dir='ltr'>postici</span> <span class='ocrx_word' id='word_1_162' title='bbox 1960 1218 2065 1251; x_wconf 88' lang='lat' dir='ltr'>situm</span> <span class='ocrx_word' id='word_1_163' title='bbox 2092 1223 2155 1252; x_wconf 83' lang='lat' dir='ltr'>est.</span> <span class='ocrx_word' id='word_1_164' title='bbox 2209 1219 2341 1254; x_wconf 86' lang='lat' dir='ltr'>Forma</span> 
     </span>
     <span class='ocr_line' id='line_1_17' title="bbox 131 1278 2340 1327; baseline 0.004 -16"><span class='ocrx_word' id='word_1_165' title='bbox 131 1278 335 1323; x_wconf 85' lang='lat' dir='ltr'>irregularis</span> <span class='ocrx_word' id='word_1_166' title='bbox 361 1279 697 1323; x_wconf 86' lang='lat' dir='ltr'>quinqueangularis</span> <span class='ocrx_word' id='word_1_167' title='bbox 724 1279 953 1312; x_wconf 87' lang='lat' dir='ltr'>scutellorum</span> <span class='ocrx_word' id='word_1_168' title='bbox 979 1279 1245 1312; x_wconf 79' lang='lat' dir='ltr'>lateralium</span> <span class='ocrx_word' id='word_1_169' title='bbox 1279 1280 1315 1312; x_wconf 88' lang='lat' dir='ltr'>in</span> <span class='ocrx_word' id='word_1_170' title='bbox 1342 1281 1480 1314; x_wconf 89' lang='lat' dir='ltr'>duobus</span> <span class='ocrx_word' id='word_1_171' title='bbox 1507 1282 1632 1315; x_wconf 90' lang='lat' dir='ltr'>mediis</span> <span class='ocrx_word' id='word_1_172' title='bbox 1660 1294 1782 1315; x_wconf 89' lang='lat' dir='ltr'>eorum</span> <span class='ocrx_word' id='word_1_173' title='bbox 1808 1284 1899 1316; x_wconf 88' lang='lat' dir='ltr'>bene</span> <span class='ocrx_word' id='word_1_174' title='bbox 1928 1284 2092 1318; x_wconf 88' lang='lat' dir='ltr'>distincta</span> <span class='ocrx_word' id='word_1_175' title='bbox 2119 1290 2190 1327; x_wconf 82' lang='lat' dir='ltr'>est,</span> <span class='ocrx_word' id='word_1_176' title='bbox 2224 1288 2340 1321; x_wconf 90' lang='lat' dir='ltr'>minus</span> 
     </span>
     <span class='ocr_line' id='line_1_18' title="bbox 133 1345 2340 1394; baseline 0.004 -16"><span class='ocrx_word' id='word_1_177' title='bbox 133 1346 297 1379; x_wconf 85' lang='lat' dir='ltr'>distincta</span> <span class='ocrx_word' id='word_1_178' title='bbox 322 1345 359 1378; x_wconf 89' lang='grc'>111</span> <span class='ocrx_word' id='word_1_179' title='bbox 385 1346 497 1390; x_wconf 86' lang='lat' dir='ltr'>primo</span> <span class='ocrx_word' id='word_1_180' title='bbox 525 1350 560 1379; x_wconf 90' lang='lat' dir='ltr'>et</span> <span class='ocrx_word' id='word_1_181' title='bbox 586 1350 731 1391; x_wconf 81' lang='grc' dir='ltr'><strong>(101111ος</strong></span> <span class='ocrx_word' id='word_1_182' title='bbox 780 1346 817 1379; x_wconf 88' lang='grc'>10</span> <span class='ocrx_word' id='word_1_183' title='bbox 843 1346 956 1390; x_wconf 89' lang='lat' dir='ltr'>primo</span> <span class='ocrx_word' id='word_1_184' title='bbox 985 1346 1078 1379; x_wconf 89' lang='lat' dir='ltr'>enim</span> <span class='ocrx_word' id='word_1_185' title='bbox 1104 1358 1228 1391; x_wconf 88' lang='lat' dir='ltr'>margo</span> <span class='ocrx_word' id='word_1_186' title='bbox 1257 1347 1394 1380; x_wconf 90' lang='lat' dir='ltr'>anticus</span> <span class='ocrx_word' id='word_1_187' title='bbox 1422 1359 1502 1381; x_wconf 92' lang='lat' dir='ltr'>cum</span> <span class='ocrx_word' id='word_1_188' title='bbox 1528 1349 1688 1393; x_wconf 77' lang='lat' dir='ltr'>margine</span> <span class='ocrx_word' id='word_1_189' title='bbox 1716 1353 1864 1384; x_wconf 84' lang='lat' dir='ltr'>externo</span> <span class='ocrx_word' id='word_1_190' title='bbox 1893 1351 2106 1394; x_wconf 86' lang='lat' dir='ltr'>conjunctim</span> <span class='ocrx_word' id='word_1_191' title='bbox 2132 1364 2253 1386; x_wconf 86' lang='lat' dir='ltr'>arcum</span> <span class='ocrx_word' id='word_1_192' title='bbox 2280 1366 2340 1387; x_wconf 87' lang='lat' dir='ltr'>ex-</span> 
     </span>
     <span class='ocr_line' id='line_1_19' title="bbox 131 1412 2342 1460; baseline 0.004 -14"><span class='ocrx_word' id='word_1_193' title='bbox 131 1412 250 1456; x_wconf 74' lang='lat' dir='ltr'>hibet3</span> <span class='ocrx_word' id='word_1_194' title='bbox 300 1413 336 1446; x_wconf 91' lang='lat' dir='ltr'>in</span> <span class='ocrx_word' id='word_1_195' title='bbox 362 1417 486 1457; x_wconf 89' lang='lat' dir='ltr'>quarto</span> <span class='ocrx_word' id='word_1_196' title='bbox 514 1416 633 1447; x_wconf 90' lang='lat' dir='ltr'>autem</span> <span class='ocrx_word' id='word_1_197' title='bbox 658 1425 782 1458; x_wconf 89' lang='lat' dir='ltr'>margo</span> <span class='ocrx_word' id='word_1_198' title='bbox 809 1414 966 1457; x_wconf 87' lang='lat' dir='ltr'>posticus</span> <span class='ocrx_word' id='word_1_199' title='bbox 992 1414 1162 1458; x_wconf 77' lang='lat' dir='ltr'>marginis</span> <span class='ocrx_word' id='word_1_200' title='bbox 1190 1414 1319 1447; x_wconf 87' lang='lat' dir='ltr'>interni</span> <span class='ocrx_word' id='word_1_201' title='bbox 1345 1415 1527 1449; x_wconf 87' lang='lat' dir='ltr'>inferioris</span> <span class='ocrx_word' id='word_1_202' title='bbox 1555 1417 1773 1449; x_wconf 84' lang='lat' dir='ltr'>continuatio</span> <span class='ocrx_word' id='word_1_203' title='bbox 1800 1418 1983 1451; x_wconf 85' lang='lat' dir='ltr'>rectilinea</span> <span class='ocrx_word' id='word_1_204' title='bbox 2009 1422 2082 1460; x_wconf 86' lang='lat' dir='ltr'>est,</span> <span class='ocrx_word' id='word_1_205' title='bbox 2135 1420 2184 1452; x_wconf 90' lang='lat' dir='ltr'>ita</span> <span class='ocrx_word' id='word_1_206' title='bbox 2209 1424 2248 1453; x_wconf 93' lang='lat' dir='ltr'>ut</span> <span class='ocrx_word' id='word_1_207' title='bbox 2273 1421 2342 1454; x_wconf 89' lang='lat' dir='ltr'>hoc</span> 
     </span>
     <span class='ocr_line' id='line_1_20' title="bbox 132 1479 2343 1528; baseline 0.003 -14"><span class='ocrx_word' id='word_1_208' title='bbox 132 1480 318 1515; x_wconf 87' lang='lat' dir='ltr'>scutellum</span> <span class='ocrx_word' id='word_1_209' title='bbox 342 1481 626 1525; x_wconf 79' lang='lat' dir='ltr'>quadrangulare</span> <span class='ocrx_word' id='word_1_210' title='bbox 652 1481 707 1514; x_wconf 87' lang='lat' dir='ltr'>sit.</span> <span class='ocrx_word' id='word_1_211' title='bbox 767 1479 939 1514; x_wconf 83' lang='lat' dir='ltr'>Centrum</span> <span class='ocrx_word' id='word_1_212' title='bbox 965 1481 1145 1514; x_wconf 89' lang='lat' dir='ltr'>sulcorum</span> <span class='ocrx_word' id='word_1_213' title='bbox 1172 1485 1207 1514; x_wconf 92' lang='lat' dir='ltr'>et</span> <span class='ocrx_word' id='word_1_214' title='bbox 1233 1493 1405 1525; x_wconf 87' lang='lat' dir='ltr'>rugarum</span> <span class='ocrx_word' id='word_1_215' title='bbox 1432 1483 1574 1526; x_wconf 90' lang='lat' dir='ltr'>quidem</span> <span class='ocrx_word' id='word_1_216' title='bbox 1601 1484 1647 1517; x_wconf 89' lang='lat' dir='ltr'>ad</span> <span class='ocrx_word' id='word_1_217' title='bbox 1672 1484 1868 1528; x_wconf 84' lang='lat' dir='ltr'>marginem</span> <span class='ocrx_word' id='word_1_218' title='bbox 1895 1486 2086 1528; x_wconf 86' lang='lat' dir='ltr'>posticum,</span> <span class='ocrx_word' id='word_1_219' title='bbox 2114 1487 2179 1520; x_wconf 88' lang='lat' dir='ltr'>sed</span> <span class='ocrx_word' id='word_1_220' title='bbox 2203 1488 2280 1521; x_wconf 84' lang='lat' dir='ltr'>fere</span> <span class='ocrx_word' id='word_1_221' title='bbox 2307 1489 2343 1521; x_wconf 91' lang='lat' dir='ltr'>in</span> 
     </span>
     <span class='ocr_line' id='line_1_21' title="bbox 134 1547 2342 1597; baseline 0.004 -17"><span class='ocrx_word' id='word_1_222' title='bbox 134 1548 264 1592; x_wconf 87' lang='lat' dir='ltr'>angulo</span> <span class='ocrx_word' id='word_1_223' title='bbox 290 1547 367 1591; x_wconf 88' lang='lat' dir='ltr'>ipso</span> <span class='ocrx_word' id='word_1_224' title='bbox 394 1548 562 1591; x_wconf 84' lang='lat' dir='ltr'>marginis</span> <span class='ocrx_word' id='word_1_225' title='bbox 597 1548 725 1592; x_wconf 87' lang='lat' dir='ltr'>postici</span> <span class='ocrx_word' id='word_1_226' title='bbox 758 1548 999 1592; x_wconf 76' lang='lat' dir='ltr'>marginisque</span> <span class='ocrx_word' id='word_1_227' title='bbox 1033 1548 1161 1581; x_wconf 87' lang='lat' dir='ltr'>interni</span> <span class='ocrx_word' id='word_1_228' title='bbox 1195 1549 1393 1591; x_wconf 87' lang='lat' dir='ltr'>inferioris,</span> <span class='ocrx_word' id='word_1_229' title='bbox 1448 1550 1553 1583; x_wconf 91' lang='lat' dir='ltr'>situm</span> <span class='ocrx_word' id='word_1_230' title='bbox 1588 1554 1659 1592; x_wconf 87' lang='lat' dir='ltr'>est,</span> <span class='ocrx_word' id='word_1_231' title='bbox 1712 1551 1762 1584; x_wconf 82' lang='grc'><strong>1111</strong></span> <span class='ocrx_word' id='word_1_232' title='bbox 1795 1555 1834 1584; x_wconf 90' lang='lat' dir='ltr'>ut</span> <span class='ocrx_word' id='word_1_233' title='bbox 1868 1552 1958 1585; x_wconf 89' lang='lat' dir='ltr'>sulci</span> <span class='ocrx_word' id='word_1_234' title='bbox 1990 1553 2180 1597; x_wconf 87' lang='lat' dir='ltr'>praecipue</span> <span class='ocrx_word' id='word_1_235' title='bbox 2216 1566 2342 1589; x_wconf 88' lang='lat' dir='ltr'>versus</span> 
     </span>
     <span class='ocr_line' id='line_1_22' title="bbox 132 1614 2342 1664; baseline 0.004 -17"><span class='ocrx_word' id='word_1_236' title='bbox 132 1614 329 1658; x_wconf 84' lang='lat' dir='ltr'>marginem</span> <span class='ocrx_word' id='word_1_237' title='bbox 355 1615 510 1648; x_wconf 89' lang='lat' dir='ltr'>anticum</span> <span class='ocrx_word' id='word_1_238' title='bbox 536 1618 570 1648; x_wconf 86' lang='lat' dir='ltr'>et</span> <span class='ocrx_word' id='word_1_239' title='bbox 595 1615 792 1659; x_wconf 81' lang='lat' dir='ltr'>marginem</span> <span class='ocrx_word' id='word_1_240' title='bbox 819 1619 1006 1651; x_wconf 89' lang='lat' dir='ltr'>externum</span> <span class='ocrx_word' id='word_1_241' title='bbox 1033 1616 1275 1659; x_wconf 76' lang='lat' dir='ltr'>explicentur,</span> <span class='ocrx_word' id='word_1_242' title='bbox 1329 1628 1409 1650; x_wconf 88' lang='lat' dir='ltr'>cum</span> <span class='ocrx_word' id='word_1_243' title='bbox 1444 1617 1481 1650; x_wconf 88' lang='lat' dir='ltr'>in</span> <span class='ocrx_word' id='word_1_244' title='bbox 1514 1618 1671 1650; x_wconf 88' lang='lat' dir='ltr'>scutellis</span> <span class='ocrx_word' id='word_1_245' title='bbox 1706 1618 1966 1652; x_wconf 77' lang='lat' dir='ltr'>vertebralibus</span> <span class='ocrx_word' id='word_1_246' title='bbox 1994 1621 2182 1664; x_wconf 82' lang='lat' dir='ltr'>praecipue</span> <span class='ocrx_word' id='word_1_247' title='bbox 2216 1633 2342 1656; x_wconf 78' lang='lat' dir='ltr'>versus</span> 
     </span>
     <span class='ocr_line' id='line_1_23' title="bbox 131 1682 2342 1729; baseline 0.003 -13"><span class='ocrx_word' id='word_1_248' title='bbox 131 1682 328 1726; x_wconf 87' lang='lat' dir='ltr'>marginem</span> <span class='ocrx_word' id='word_1_249' title='bbox 362 1682 516 1715; x_wconf 90' lang='lat' dir='ltr'>anticum</span> <span class='ocrx_word' id='word_1_250' title='bbox 550 1693 589 1715; x_wconf 88' lang='lat' dir='ltr'>se</span> <span class='ocrx_word' id='word_1_251' title='bbox 624 1683 827 1715; x_wconf 83' lang='lat' dir='ltr'>extendant.</span> <span class='ocrx_word' id='word_1_252' title='bbox 905 1682 1095 1716; x_wconf 88' lang='lat' dir='ltr'>Sulcorum</span> <span class='ocrx_word' id='word_1_253' title='bbox 1130 1684 1319 1727; x_wconf 84' lang='lat' dir='ltr'>explicatio</span> <span class='ocrx_word' id='word_1_254' title='bbox 1347 1695 1474 1717; x_wconf 73' lang='lat' dir='ltr'>versus</span> <span class='ocrx_word' id='word_1_255' title='bbox 1500 1684 1613 1717; x_wconf 89' lang='lat' dir='ltr'>latera</span> <span class='ocrx_word' id='word_1_256' title='bbox 1640 1685 1676 1717; x_wconf 88' lang='lat' dir='ltr'>in</span> <span class='ocrx_word' id='word_1_257' title='bbox 1702 1686 1859 1719; x_wconf 87' lang='lat' dir='ltr'>scutellis</span> <span class='ocrx_word' id='word_1_258' title='bbox 1885 1687 2162 1729; x_wconf 72' lang='lat' dir='ltr'>vertebralibus,</span> <span class='ocrx_word' id='word_1_259' title='bbox 2215 1699 2342 1723; x_wconf 77' lang='lat' dir='ltr'>versus</span> 
     </span>
     <span class='ocr_line' id='line_1_24' title="bbox 133 1749 2341 1795; baseline 0.003 -12"><span class='ocrx_word' id='word_1_260' title='bbox 133 1749 312 1794; x_wconf 85' lang='lat' dir='ltr'>margines</span> <span class='ocrx_word' id='word_1_261' title='bbox 339 1749 506 1782; x_wconf 87' lang='lat' dir='ltr'>laterales</span> <span class='ocrx_word' id='word_1_262' title='bbox 534 1749 690 1782; x_wconf 88' lang='lat' dir='ltr'>internos</span> <span class='ocrx_word' id='word_1_263' title='bbox 720 1749 753 1782; x_wconf 96' lang='grc'>111</span> <span class='ocrx_word' id='word_1_264' title='bbox 781 1750 938 1782; x_wconf 85' lang='lat' dir='ltr'>scutellis</span> <span class='ocrx_word' id='word_1_265' title='bbox 965 1750 1190 1792; x_wconf 84' lang='lat' dir='ltr'>lateralibus,</span> <span class='ocrx_word' id='word_1_266' title='bbox 1233 1750 1330 1784; x_wconf 89' lang='lat' dir='ltr'>haud</span> <span class='ocrx_word' id='word_1_267' title='bbox 1356 1751 1498 1795; x_wconf 87' lang='lat' dir='ltr'>quidem</span> <span class='ocrx_word' id='word_1_268' title='bbox 1524 1751 1666 1784; x_wconf 89' lang='lat' dir='ltr'>omnino</span> <span class='ocrx_word' id='word_1_269' title='bbox 1695 1753 1791 1785; x_wconf 86' lang='lat' dir='ltr'>nulla</span> <span class='ocrx_word' id='word_1_270' title='bbox 1819 1756 1889 1794; x_wconf 87' lang='lat' dir='ltr'>est,</span> <span class='ocrx_word' id='word_1_271' title='bbox 1934 1753 1972 1786; x_wconf 89' lang='lat' dir='ltr'>fit</span> <span class='ocrx_word' id='word_1_272' title='bbox 1998 1758 2116 1787; x_wconf 89' lang='lat' dir='ltr'>autem</span> <span class='ocrx_word' id='word_1_273' title='bbox 2142 1756 2251 1788; x_wconf 90' lang='lat' dir='ltr'>multo</span> <span class='ocrx_word' id='word_1_274' title='bbox 2279 1756 2341 1789; x_wconf 90' lang='lat' dir='ltr'>im-</span> 
     </span>
     <span class='ocr_line' id='line_1_25' title="bbox 133 1816 2341 1864; baseline 0.002 -14"><span class='ocrx_word' id='word_1_275' title='bbox 133 1817 343 1861; x_wconf 84' lang='lat' dir='ltr'>perfectius,</span> <span class='ocrx_word' id='word_1_276' title='bbox 395 1817 494 1860; x_wconf 88' lang='lat' dir='ltr'>rugis</span> <span class='ocrx_word' id='word_1_277' title='bbox 528 1817 705 1860; x_wconf 84' lang='lat' dir='ltr'>sulcisque</span> <span class='ocrx_word' id='word_1_278' title='bbox 732 1816 846 1860; x_wconf 88' lang='lat' dir='ltr'>magis</span> <span class='ocrx_word' id='word_1_279' title='bbox 874 1818 1086 1860; x_wconf 85' lang='lat' dir='ltr'>compressis</span> <span class='ocrx_word' id='word_1_280' title='bbox 1115 1821 1149 1850; x_wconf 90' lang='lat' dir='ltr'>et</span> <span class='ocrx_word' id='word_1_281' title='bbox 1176 1818 1450 1862; x_wconf 88' lang='lat' dir='ltr'>angustioribus.</span> <span class='ocrx_word' id='word_1_282' title='bbox 1529 1818 1570 1851; x_wconf 89' lang='lat' dir='ltr'>Si</span> <span class='ocrx_word' id='word_1_283' title='bbox 1598 1822 1716 1852; x_wconf 90' lang='lat' dir='ltr'>autem</span> <span class='ocrx_word' id='word_1_284' title='bbox 1742 1830 1867 1853; x_wconf 80' lang='lat' dir='ltr'>vermn</span> <span class='ocrx_word' id='word_1_285' title='bbox 1901 1824 1972 1862; x_wconf 86' lang='grc'><strong>051,</strong></span> <span class='ocrx_word' id='word_1_286' title='bbox 2025 1822 2119 1864; x_wconf 90' lang='lat' dir='ltr'>quod</span> <span class='ocrx_word' id='word_1_287' title='bbox 2146 1821 2341 1855; x_wconf 73' lang='lat' dir='ltr'>SCHOEPFF</span> 
     </span>
     <span class='ocr_line' id='line_1_26' title="bbox 133 1883 2340 1928; baseline 0.003 -12"><span class='ocrx_word' id='word_1_288' title='bbox 133 1896 214 1928; x_wconf 88' lang='lat' dir='ltr'>pag.</span> <span class='ocrx_word' id='word_1_289' title='bbox 243 1883 314 1918; x_wconf 72' lang='lat'>114</span> <span class='ocrx_word' id='word_1_290' title='bbox 341 1884 385 1916; x_wconf 90' lang='lat' dir='ltr'>de</span> <span class='ocrx_word' id='word_1_291' title='bbox 412 1883 512 1917; x_wconf 84' lang='lat' dir='ltr'>Test.</span> <span class='ocrx_word' id='word_1_292' title='bbox 541 1884 735 1927; x_wconf 86' lang='lat' dir='ltr'>pulchella,</span> <span class='ocrx_word' id='word_1_293' title='bbox 770 1895 851 1928; x_wconf 87' lang='lat' dir='ltr'>pag.</span> <span class='ocrx_word' id='word_1_294' title='bbox 880 1883 928 1917; x_wconf 87' lang='lat'>50</span> <span class='ocrx_word' id='word_1_295' title='bbox 955 1884 998 1916; x_wconf 91' lang='lat' dir='ltr'>de</span> <span class='ocrx_word' id='word_1_296' title='bbox 1027 1883 1128 1917; x_wconf 86' lang='lat' dir='ltr'>Test.</span> <span class='ocrx_word' id='word_1_297' title='bbox 1157 1885 1372 1928; x_wconf 86' lang='lat' dir='ltr'>geometrica</span> <span class='ocrx_word' id='word_1_298' title='bbox 1399 1885 1500 1926; x_wconf 90' lang='grc'><strong>(11011,</strong></span> <span class='ocrx_word' id='word_1_299' title='bbox 1536 1897 1722 1918; x_wconf 89' lang='lat' dir='ltr'>numerum</span> <span class='ocrx_word' id='word_1_300' title='bbox 1748 1887 1944 1928; x_wconf 90' lang='lat' dir='ltr'>sulcorum,</span> <span class='ocrx_word' id='word_1_301' title='bbox 1980 1892 2080 1920; x_wconf 89' lang='lat' dir='ltr'>scuto</span> <span class='ocrx_word' id='word_1_302' title='bbox 2108 1892 2182 1921; x_wconf 85' lang='lat' dir='ltr'>toto</span> <span class='ocrx_word' id='word_1_303' title='bbox 2210 1889 2340 1923; x_wconf 89' lang='lat' dir='ltr'>incres-</span> 
     </span>
     <span class='ocr_line' id='line_1_27' title="bbox 134 1951 2341 1998; baseline 0.002 -14"><span class='ocrx_word' id='word_1_304' title='bbox 134 1955 254 1992; x_wconf 86' lang='lat' dir='ltr'>cente,</span> <span class='ocrx_word' id='word_1_305' title='bbox 298 1951 422 1995; x_wconf 89' lang='lat' dir='ltr'>augeri</span> <span class='ocrx_word' id='word_1_306' title='bbox 449 1951 563 1994; x_wconf 86' lang='lat' dir='ltr'>(quod</span> <span class='ocrx_word' id='word_1_307' title='bbox 590 1951 696 1983; x_wconf 90' lang='lat' dir='ltr'>etiam</span> <span class='ocrx_word' id='word_1_308' title='bbox 722 1951 868 1995; x_wconf 84' lang='lat' dir='ltr'>quisque</span> <span class='ocrx_word' id='word_1_309' title='bbox 894 1951 1000 1985; x_wconf 84' lang='lat' dir='ltr'>facile</span> <span class='ocrx_word' id='word_1_310' title='bbox 1028 1952 1216 1993; x_wconf 85' lang='lat' dir='ltr'>concedet,</span> <span class='ocrx_word' id='word_1_311' title='bbox 1259 1952 1319 1996; x_wconf 87' lang='lat' dir='ltr'>qui</span> <span class='ocrx_word' id='word_1_312' title='bbox 1345 1953 1463 1995; x_wconf 82' lang='lat' dir='ltr'>plures</span> <span class='ocrx_word' id='word_1_313' title='bbox 1490 1952 1684 1986; x_wconf 90' lang='lat' dir='ltr'>testudines</span> <span class='ocrx_word' id='word_1_314' title='bbox 1712 1953 1817 1986; x_wconf 89' lang='lat' dir='ltr'>unius</span> <span class='ocrx_word' id='word_1_315' title='bbox 1845 1953 2072 1998; x_wconf 86' lang='lat' dir='ltr'>ejusdemque</span> <span class='ocrx_word' id='word_1_316' title='bbox 2099 1956 2231 1998; x_wconf 88' lang='lat' dir='ltr'>speciei</span> <span class='ocrx_word' id='word_1_317' title='bbox 2258 1968 2341 1989; x_wconf 85' lang='lat' dir='ltr'>exa-</span> 
     </span>
     <span class='ocr_line' id='line_1_28' title="bbox 133 2017 2342 2065; baseline 0.002 -14"><span class='ocrx_word' id='word_1_318' title='bbox 133 2017 282 2052; x_wconf 73' lang='lat' dir='ltr'>minavit</span> <span class='ocrx_word' id='word_1_319' title='bbox 309 2021 343 2050; x_wconf 88' lang='lat' dir='ltr'>et</span> <span class='ocrx_word' id='word_1_320' title='bbox 368 2018 459 2051; x_wconf 88' lang='lat' dir='ltr'>inter</span> <span class='ocrx_word' id='word_1_321' title='bbox 485 2029 524 2051; x_wconf 91' lang='lat' dir='ltr'>se</span> <span class='ocrx_word' id='word_1_322' title='bbox 552 2018 739 2060; x_wconf 87' lang='lat' dir='ltr'>contulit),</span> <span class='ocrx_word' id='word_1_323' title='bbox 781 2018 863 2051; x_wconf 82' lang='lat' dir='ltr'>inde</span> <span class='ocrx_word' id='word_1_324' title='bbox 888 2018 979 2051; x_wconf 90' lang='lat' dir='ltr'>ratio</span> <span class='ocrx_word' id='word_1_325' title='bbox 1007 2019 1291 2052; x_wconf 87' lang='lat' dir='ltr'>commutationis</span> <span class='ocrx_word' id='word_1_326' title='bbox 1324 2020 1462 2053; x_wconf 87' lang='lat' dir='ltr'>formae</span> <span class='ocrx_word' id='word_1_327' title='bbox 1489 2023 1524 2052; x_wconf 89' lang='lat' dir='ltr'>et</span> <span class='ocrx_word' id='word_1_328' title='bbox 1550 2020 1733 2053; x_wconf 87' lang='lat' dir='ltr'>relationis</span> <span class='ocrx_word' id='word_1_329' title='bbox 1766 2020 1858 2054; x_wconf 90' lang='lat' dir='ltr'>inter</span> <span class='ocrx_word' id='word_1_330' title='bbox 1884 2021 2141 2065; x_wconf 89' lang='lat' dir='ltr'>longitudinem</span> <span class='ocrx_word' id='word_1_331' title='bbox 2168 2026 2202 2055; x_wconf 90' lang='grc'>01</span> <span class='ocrx_word' id='word_1_332' title='bbox 2228 2023 2342 2056; x_wconf 89' lang='grc'><strong>1111110-</strong></span> 
     </span>
     <span class='ocr_line' id='line_1_29' title="bbox 136 2073 2341 2131; baseline 0.002 -13"><span class='ocrx_word' id='word_1_333' title='bbox 136 2086 253 2119; x_wconf 87' lang='lat' dir='ltr'>dinem</span> <span class='ocrx_word' id='word_1_334' title='bbox 280 2088 477 2125; x_wconf 78' lang='lat' dir='ltr'>scutorum,</span> <span class='ocrx_word' id='word_1_335' title='bbox 513 2096 617 2128; x_wconf 88' lang='lat' dir='ltr'>quam</span> <span class='ocrx_word' id='word_1_336' title='bbox 650 2076 773 2118; x_wconf 75' lang='lat' dir='ltr'>forsan</span> <span class='ocrx_word' id='word_1_337' title='bbox 801 2073 923 2118; x_wconf 79' lang='lat' dir='ltr'>onmes</span> <span class='ocrx_word' id='word_1_338' title='bbox 950 2085 1107 2128; x_wconf 85' lang='lat' dir='ltr'>speeies,</span> <span class='ocrx_word' id='word_1_339' title='bbox 1161 2087 1354 2118; x_wconf 89' lang='lat' dir='ltr'>secundum</span> <span class='ocrx_word' id='word_1_340' title='bbox 1382 2090 1534 2119; x_wconf 89' lang='lat' dir='ltr'>aetatem</span> <span class='ocrx_word' id='word_1_341' title='bbox 1556 2087 1736 2129; x_wconf 84' lang='lat' dir='ltr'>juniorem</span> <span class='ocrx_word' id='word_1_342' title='bbox 1771 2091 1831 2120; x_wconf 86' lang='lat' dir='ltr'>aut</span> <span class='ocrx_word' id='word_1_343' title='bbox 1857 2088 2125 2131; x_wconf 89' lang='lat' dir='ltr'>promotiorem,</span> <span class='ocrx_word' id='word_1_344' title='bbox 2179 2090 2341 2131; x_wconf 87' lang='lat' dir='ltr'>subeunt,</span> 
     </span>
     <span class='ocr_line' id='line_1_30' title="bbox 136 2152 2341 2199; baseline 0.002 -14"><span class='ocrx_word' id='word_1_345' title='bbox 136 2152 281 2197; x_wconf 87' lang='lat' dir='ltr'>probari</span> <span class='ocrx_word' id='word_1_346' title='bbox 313 2155 445 2195; x_wconf 87' lang='lat' dir='ltr'>potest:</span> <span class='ocrx_word' id='word_1_347' title='bbox 500 2163 646 2185; x_wconf 88' lang='lat' dir='ltr'>numero</span> <span class='ocrx_word' id='word_1_348' title='bbox 682 2152 817 2185; x_wconf 86' lang='lat' dir='ltr'>scilicet</span> <span class='ocrx_word' id='word_1_349' title='bbox 851 2152 1079 2185; x_wconf 80' lang='lat' dir='ltr'>scutellorum</span> <span class='ocrx_word' id='word_1_350' title='bbox 1114 2152 1308 2185; x_wconf 89' lang='lat' dir='ltr'>dorsalium</span> <span class='ocrx_word' id='word_1_351' title='bbox 1342 2153 1537 2186; x_wconf 89' lang='lat' dir='ltr'>secundum</span> <span class='ocrx_word' id='word_1_352' title='bbox 1571 2153 1828 2197; x_wconf 87' lang='lat' dir='ltr'>longitudinem</span> <span class='ocrx_word' id='word_1_353' title='bbox 1855 2154 2014 2198; x_wconf 88' lang='lat' dir='ltr'>quinario</span> <span class='ocrx_word' id='word_1_354' title='bbox 2044 2159 2077 2187; x_wconf 89' lang='lat' dir='ltr'>et</span> <span class='ocrx_word' id='word_1_355' title='bbox 2103 2157 2341 2199; x_wconf 89' lang='lat' dir='ltr'>quaternario,</span> 
     </span>
     <span class='ocr_line' id='line_1_31' title="bbox 135 2218 2342 2268; baseline 0.001 -15"><span class='ocrx_word' id='word_1_356' title='bbox 135 2220 330 2254; x_wconf 90' lang='lat' dir='ltr'>secundum</span> <span class='ocrx_word' id='word_1_357' title='bbox 363 2218 584 2252; x_wconf 89' lang='lat' dir='ltr'>latitudinem</span> <span class='ocrx_word' id='word_1_358' title='bbox 617 2222 735 2252; x_wconf 90' lang='lat' dir='ltr'>autem</span> <span class='ocrx_word' id='word_1_359' title='bbox 768 2218 943 2261; x_wconf 84' lang='lat' dir='ltr'>ternario,</span> <span class='ocrx_word' id='word_1_360' title='bbox 996 2219 1159 2263; x_wconf 89' lang='lat' dir='ltr'>quodque</span> <span class='ocrx_word' id='word_1_361' title='bbox 1193 2219 1448 2253; x_wconf 90' lang='lat' dir='ltr'>incrementum</span> <span class='ocrx_word' id='word_1_362' title='bbox 1481 2231 1615 2254; x_wconf 90' lang='lat' dir='ltr'>novum</span> <span class='ocrx_word' id='word_1_363' title='bbox 1641 2220 1896 2264; x_wconf 77' lang='lat' dir='ltr'>longitudinem</span> <span class='ocrx_word' id='word_1_364' title='bbox 1923 2225 2031 2265; x_wconf 88' lang='lat' dir='ltr'>auget</span> <span class='ocrx_word' id='word_1_365' title='bbox 2056 2222 2162 2256; x_wconf 87' lang='lat' dir='ltr'>sulcis</span> <span class='ocrx_word' id='word_1_366' title='bbox 2190 2223 2342 2268; x_wconf 88' lang='lat' dir='ltr'>quinque</span> 
     </span>
     <span class='ocr_line' id='line_1_32' title="bbox 135 2286 2342 2331; baseline 0.001 -11"><span class='ocrx_word' id='word_1_367' title='bbox 135 2290 197 2320; x_wconf 88' lang='lat' dir='ltr'>aut</span> <span class='ocrx_word' id='word_1_368' title='bbox 222 2290 390 2331; x_wconf 86' lang='lat' dir='ltr'>quatuor,</span> <span class='ocrx_word' id='word_1_369' title='bbox 418 2286 639 2319; x_wconf 87' lang='lat' dir='ltr'>latitudinem</span> <span class='ocrx_word' id='word_1_370' title='bbox 666 2290 784 2318; x_wconf 89' lang='lat' dir='ltr'>autem</span> <span class='ocrx_word' id='word_1_371' title='bbox 810 2289 946 2319; x_wconf 89' lang='lat' dir='ltr'>tantum</span> <span class='ocrx_word' id='word_1_372' title='bbox 971 2286 1082 2319; x_wconf 88' lang='lat' dir='ltr'>tribus</span> <span class='ocrx_word' id='word_1_373' title='bbox 1110 2286 1217 2319; x_wconf 88' lang='lat' dir='ltr'>sulcis</span> <span class='ocrx_word' id='word_1_374' title='bbox 1226 2298 1236 2329; x_wconf 84' lang='lat'><em>3</em></span> <span class='ocrx_word' id='word_1_375' title='bbox 1288 2287 1382 2319; x_wconf 88' lang='lat' dir='ltr'>unde</span> <span class='ocrx_word' id='word_1_376' title='bbox 1409 2287 1584 2331; x_wconf 88' lang='lat' dir='ltr'>sequitur,</span> <span class='ocrx_word' id='word_1_377' title='bbox 1620 2290 1721 2320; x_wconf 90' lang='lat' dir='ltr'>scuta</span> <span class='ocrx_word' id='word_1_378' title='bbox 1748 2288 1897 2321; x_wconf 87' lang='lat' dir='ltr'>caeteris</span> <span class='ocrx_word' id='word_1_379' title='bbox 1923 2289 2085 2331; x_wconf 88' lang='lat' dir='ltr'>paribus,</span> <span class='ocrx_word' id='word_1_380' title='bbox 2114 2290 2244 2323; x_wconf 89' lang='lat' dir='ltr'>sensim</span> <span class='ocrx_word' id='word_1_381' title='bbox 2270 2302 2342 2323; x_wconf 93' lang='lat' dir='ltr'>ma-</span> 
     </span>
     <span class='ocr_line' id='line_1_33' title="bbox 136 2352 2342 2400; baseline 0.001 -13"><span class='ocrx_word' id='word_1_382' title='bbox 136 2355 190 2399; x_wconf 88' lang='lat' dir='ltr'>gis</span> <span class='ocrx_word' id='word_1_383' title='bbox 216 2354 252 2387; x_wconf 87' lang='lat' dir='ltr'>in</span> <span class='ocrx_word' id='word_1_384' title='bbox 278 2353 535 2398; x_wconf 88' lang='lat' dir='ltr'>longitudinem</span> <span class='ocrx_word' id='word_1_385' title='bbox 560 2364 665 2397; x_wconf 90' lang='lat' dir='ltr'>quam</span> <span class='ocrx_word' id='word_1_386' title='bbox 691 2353 727 2385; x_wconf 91' lang='lat' dir='ltr'>in</span> <span class='ocrx_word' id='word_1_387' title='bbox 753 2352 975 2386; x_wconf 86' lang='lat' dir='ltr'>latitudinem</span> <span class='ocrx_word' id='word_1_388' title='bbox 1001 2353 1146 2386; x_wconf 82' lang='lat' dir='ltr'>extendi</span> <span class='ocrx_word' id='word_1_389' title='bbox 1173 2357 1225 2395; x_wconf 89' lang='lat' dir='ltr'>et,</span> <span class='ocrx_word' id='word_1_390' title='bbox 1261 2353 1291 2387; x_wconf 88' lang='lat' dir='ltr'>si</span> <span class='ocrx_word' id='word_1_391' title='bbox 1319 2353 1352 2386; x_wconf 92' lang='lat' dir='ltr'>in</span> <span class='ocrx_word' id='word_1_392' title='bbox 1380 2357 1474 2387; x_wconf 90' lang='lat' dir='ltr'>statu</span> <span class='ocrx_word' id='word_1_393' title='bbox 1500 2355 1595 2398; x_wconf 92' lang='lat' dir='ltr'>pullo</span> <span class='ocrx_word' id='word_1_394' title='bbox 1631 2354 1827 2387; x_wconf 89' lang='lat' dir='ltr'>orbiculata</span> <span class='ocrx_word' id='word_1_395' title='bbox 1853 2358 1914 2387; x_wconf 89' lang='lat' dir='ltr'>aut</span> <span class='ocrx_word' id='word_1_396' title='bbox 1940 2355 2205 2389; x_wconf 88' lang='lat' dir='ltr'>suborbiculata</span> <span class='ocrx_word' id='word_1_397' title='bbox 2231 2362 2342 2400; x_wconf 89' lang='lat' dir='ltr'>erant,</span> 
     </span>
     <span class='ocr_line' id='line_1_34' title="bbox 137 2420 2343 2468; baseline 0.001 -13"><span class='ocrx_word' id='word_1_398' title='bbox 137 2424 253 2455; x_wconf 86' lang='lat' dir='ltr'>aetate</span> <span class='ocrx_word' id='word_1_399' title='bbox 279 2423 449 2464; x_wconf 84' lang='lat' dir='ltr'>provecta</span> <span class='ocrx_word' id='word_1_400' title='bbox 474 2420 606 2454; x_wconf 87' lang='lat' dir='ltr'>sensim</span> <span class='ocrx_word' id='word_1_401' title='bbox 632 2423 739 2453; x_wconf 82' lang='lat' dir='ltr'>ovata</span> <span class='ocrx_word' id='word_1_402' title='bbox 766 2423 827 2453; x_wconf 89' lang='lat' dir='ltr'>aut</span> <span class='ocrx_word' id='word_1_403' title='bbox 855 2420 974 2453; x_wconf 88' lang='lat' dir='ltr'>ovalia</span> <span class='ocrx_word' id='word_1_404' title='bbox 999 2420 1094 2462; x_wconf 88' lang='lat' dir='ltr'>fieri,</span> <span class='ocrx_word' id='word_1_405' title='bbox 1146 2420 1253 2464; x_wconf 89' lang='lat' dir='ltr'>idque</span> <span class='ocrx_word' id='word_1_406' title='bbox 1286 2422 1495 2464; x_wconf 84' lang='lat' dir='ltr'>praesertim</span> <span class='ocrx_word' id='word_1_407' title='bbox 1532 2421 1567 2454; x_wconf 89' lang='lat' dir='ltr'>in</span> <span class='ocrx_word' id='word_1_408' title='bbox 1602 2420 1784 2454; x_wconf 89' lang='lat' dir='ltr'>Chersinis</span> <span class='ocrx_word' id='word_1_409' title='bbox 1820 2422 1923 2455; x_wconf 86' lang='lat' dir='ltr'>altius</span> <span class='ocrx_word' id='word_1_410' title='bbox 1957 2423 2158 2464; x_wconf 82' lang='lat' dir='ltr'>sornicatis,</span> <span class='ocrx_word' id='word_1_411' title='bbox 2217 2425 2343 2468; x_wconf 89' lang='lat' dir='ltr'>quibus</span> 
     </span>
     <span class='ocr_line' id='line_1_35' title="bbox 137 2486 2341 2533; baseline 0.001 -11"><span class='ocrx_word' id='word_1_412' title='bbox 137 2488 287 2523; x_wconf 87' lang='lat' dir='ltr'>scutella</span> <span class='ocrx_word' id='word_1_413' title='bbox 318 2487 480 2521; x_wconf 87' lang='lat' dir='ltr'>lateralia</span> <span class='ocrx_word' id='word_1_414' title='bbox 513 2497 586 2520; x_wconf 90' lang='lat' dir='ltr'>non</span> <span class='ocrx_word' id='word_1_415' title='bbox 618 2490 691 2520; x_wconf 89' lang='lat' dir='ltr'>tam</span> <span class='ocrx_word' id='word_1_416' title='bbox 723 2487 919 2520; x_wconf 88' lang='lat' dir='ltr'>secundum</span> <span class='ocrx_word' id='word_1_417' title='bbox 950 2486 1172 2521; x_wconf 88' lang='lat' dir='ltr'>latitudinem</span> <span class='ocrx_word' id='word_1_418' title='bbox 1200 2487 1459 2521; x_wconf 89' lang='lat' dir='ltr'>horizontalem</span> <span class='ocrx_word' id='word_1_419' title='bbox 1492 2488 1601 2530; x_wconf 88' lang='lat' dir='ltr'>scuti,</span> <span class='ocrx_word' id='word_1_420' title='bbox 1654 2499 1760 2533; x_wconf 90' lang='lat' dir='ltr'>quam</span> <span class='ocrx_word' id='word_1_421' title='bbox 1786 2489 1980 2522; x_wconf 89' lang='lat' dir='ltr'>secundum</span> <span class='ocrx_word' id='word_1_422' title='bbox 2007 2490 2084 2532; x_wconf 87' lang='lat' dir='ltr'>ejus</span> <span class='ocrx_word' id='word_1_423' title='bbox 2112 2490 2341 2533; x_wconf 89' lang='lat' dir='ltr'>altitudinem,</span> 
     </span>
     <span class='ocr_line' id='line_1_36' title="bbox 137 2553 2343 2598; baseline 0.001 -9"><span class='ocrx_word' id='word_1_424' title='bbox 137 2558 317 2597; x_wconf 86' lang='lat' dir='ltr'>crescunt,</span> <span class='ocrx_word' id='word_1_425' title='bbox 345 2554 446 2598; x_wconf 87' lang='lat' dir='ltr'>cujus</span> <span class='ocrx_word' id='word_1_426' title='bbox 472 2554 526 2588; x_wconf 79' lang='lat' dir='ltr'>rei</span> <span class='ocrx_word' id='word_1_427' title='bbox 551 2554 725 2587; x_wconf 89' lang='lat' dir='ltr'>rationem</span> <span class='ocrx_word' id='word_1_428' title='bbox 742 2554 999 2587; x_wconf 71' lang='lat' dir='ltr'>Scmmfflffln</span> <span class='ocrx_word' id='word_1_429' title='bbox 1025 2565 1105 2598; x_wconf 88' lang='lat' dir='ltr'>pag.</span> <span class='ocrx_word' id='word_1_430' title='bbox 1133 2553 1208 2588; x_wconf 81' lang='lat'>274</span> <span class='ocrx_word' id='word_1_431' title='bbox 1234 2555 1401 2588; x_wconf 62' lang='lat' dir='ltr'>dilucidat</span> <span class='ocrx_word' id='word_1_432' title='bbox 1414 2555 1451 2588; x_wconf 87' lang='lat' dir='ltr'>it.</span> <span class='ocrx_word' id='word_1_433' title='bbox 1501 2553 1692 2588; x_wconf 88' lang='lat' dir='ltr'>Caeterum</span> <span class='ocrx_word' id='word_1_434' title='bbox 1718 2559 1837 2588; x_wconf 91' lang='lat' dir='ltr'>autem</span> <span class='ocrx_word' id='word_1_435' title='bbox 1862 2556 1978 2589; x_wconf 86' lang='lat' dir='ltr'>forma</span> <span class='ocrx_word' id='word_1_436' title='bbox 2005 2557 2249 2598; x_wconf 83' lang='lat' dir='ltr'>scutellorum,</span> <span class='ocrx_word' id='word_1_437' title='bbox 2278 2570 2343 2591; x_wconf 92' lang='lat' dir='ltr'>nec</span> 
     </span>
     <span class='ocr_line' id='line_1_37' title="bbox 137 2621 2341 2667; baseline 0.001 -12"><span class='ocrx_word' id='word_1_438' title='bbox 137 2633 209 2655; x_wconf 90' lang='lat' dir='ltr'>non</span> <span class='ocrx_word' id='word_1_439' title='bbox 235 2621 418 2665; x_wconf 89' lang='lat' dir='ltr'>dispositio</span> <span class='ocrx_word' id='word_1_440' title='bbox 446 2624 481 2654; x_wconf 87' lang='lat' dir='ltr'>et</span> <span class='ocrx_word' id='word_1_441' title='bbox 506 2631 621 2654; x_wconf 89' lang='lat' dir='ltr'>nexus</span> <span class='ocrx_word' id='word_1_442' title='bbox 648 2621 828 2654; x_wconf 89' lang='lat' dir='ltr'>sulcorum</span> <span class='ocrx_word' id='word_1_443' title='bbox 855 2624 890 2653; x_wconf 90' lang='lat' dir='ltr'>et</span> <span class='ocrx_word' id='word_1_444' title='bbox 914 2631 1102 2664; x_wconf 82' lang='lat' dir='ltr'>rugarum,</span> <span class='ocrx_word' id='word_1_445' title='bbox 1155 2621 1313 2664; x_wconf 87' lang='lat' dir='ltr'>situsque</span> <span class='ocrx_word' id='word_1_446' title='bbox 1340 2621 1452 2654; x_wconf 89' lang='lat' dir='ltr'>centri</span> <span class='ocrx_word' id='word_1_447' title='bbox 1479 2633 1620 2663; x_wconf 87' lang='lat' dir='ltr'>eorum,</span> <span class='ocrx_word' id='word_1_448' title='bbox 1672 2622 1864 2655; x_wconf 81' lang='lat' dir='ltr'>maximam</span> <span class='ocrx_word' id='word_1_449' title='bbox 1891 2623 2007 2666; x_wconf 89' lang='lat' dir='ltr'>prodit</span> <span class='ocrx_word' id='word_1_450' title='bbox 2034 2624 2235 2667; x_wconf 85' lang='lat' dir='ltr'>analogiam</span> <span class='ocrx_word' id='word_1_451' title='bbox 2262 2636 2341 2657; x_wconf 86' lang='lat' dir='ltr'>cum</span> 
     </span>
    </p>
   </div>
   <div class='ocr_carea' id='block_1_3' title="bbox 138 2687 2340 2733">
    <p class='ocr_par' dir='ltr' id='par_1_6' title="bbox 138 2687 2340 2733">
     <span class='ocr_line' id='line_1_38' title="bbox 138 2687 2340 2733; baseline 0 -10"><span class='ocrx_word' id='word_1_452' title='bbox 138 2689 351 2724; x_wconf 85' lang='lat' dir='ltr'>formatione</span> <span class='ocrx_word' id='word_1_453' title='bbox 378 2692 413 2721; x_wconf 89' lang='lat' dir='ltr'>et</span> <span class='ocrx_word' id='word_1_454' title='bbox 438 2688 655 2721; x_wconf 88' lang='lat' dir='ltr'>incremento</span> <span class='ocrx_word' id='word_1_455' title='bbox 683 2687 898 2721; x_wconf 89' lang='lat' dir='ltr'>concharum</span> <span class='ocrx_word' id='word_1_456' title='bbox 931 2691 966 2720; x_wconf 94' lang='lat' dir='ltr'>et</span> <span class='ocrx_word' id='word_1_457' title='bbox 992 2690 1164 2720; x_wconf 87' lang='lat' dir='ltr'>testarum</span> <span class='ocrx_word' id='word_1_458' title='bbox 1187 2687 1407 2721; x_wconf 87' lang='lat' dir='ltr'>Balanorum</span> <span class='ocrx_word' id='word_1_459' title='bbox 1431 2687 1709 2733; x_wconf 86' lang='lat' dir='ltr'>Chitonumque,</span> <span class='ocrx_word' id='word_1_460' title='bbox 1737 2689 1787 2721; x_wconf 89' lang='lat' dir='ltr'>ita</span> <span class='ocrx_word' id='word_1_461' title='bbox 1813 2693 1851 2722; x_wconf 90' lang='lat' dir='ltr'>ut</span> <span class='ocrx_word' id='word_1_462' title='bbox 1876 2689 1971 2722; x_wconf 92' lang='lat' dir='ltr'>haud</span> <span class='ocrx_word' id='word_1_463' title='bbox 1998 2694 2129 2722; x_wconf 88' lang='lat' dir='ltr'>temere</span> <span class='ocrx_word' id='word_1_464' title='bbox 2157 2691 2201 2722; x_wconf 89' lang='lat' dir='ltr'>ad</span> <span class='ocrx_word' id='word_1_465' title='bbox 2228 2691 2340 2723; x_wconf 90' lang='lat' dir='ltr'>simile</span> 
     </span>
    </p>
   </div>
   <div class='ocr_carea' id='block_1_4' title="bbox 138 2753 2340 2867">
    <p class='ocr_par' dir='ltr' id='par_1_7' title="bbox 138 2753 2340 2867">
     <span class='ocr_line' id='line_1_39' title="bbox 138 2753 2340 2799; baseline -0 -10"><span class='ocrx_word' id='word_1_466' title='bbox 138 2757 393 2790; x_wconf 76' lang='lat' dir='ltr'>incrementum</span> <span class='ocrx_word' id='word_1_467' title='bbox 418 2758 590 2788; x_wconf 87' lang='lat' dir='ltr'>testarum</span> <span class='ocrx_word' id='word_1_468' title='bbox 615 2754 818 2787; x_wconf 89' lang='lat' dir='ltr'>animalium</span> <span class='ocrx_word' id='word_1_469' title='bbox 853 2755 1106 2787; x_wconf 90' lang='lat' dir='ltr'>molluscorum</span> <span class='ocrx_word' id='word_1_470' title='bbox 1138 2753 1221 2787; x_wconf 87' lang='lat' dir='ltr'>inde</span> <span class='ocrx_word' id='word_1_471' title='bbox 1256 2759 1533 2798; x_wconf 81' lang='lat' dir='ltr'>argumentarer.</span> <span class='ocrx_word' id='word_1_472' title='bbox 1568 2775 1616 2779; x_wconf 91' lang='lat'><strong>—</strong></span> <span class='ocrx_word' id='word_1_473' title='bbox 1676 2754 1720 2789; x_wconf 93' lang='lat' dir='ltr'>In</span> <span class='ocrx_word' id='word_1_474' title='bbox 1753 2756 1970 2789; x_wconf 83' lang='lat' dir='ltr'>scutellis</span> <span class='ocrx_word' id='word_1_475' title='bbox 2005 2757 2340 2799; x_wconf 87' lang='lat' dir='ltr'>marginalibus</span> 
     </span>
     <span class='ocr_line' id='line_1_40' title="bbox 139 2821 2340 2867; baseline -0.001 -9"><span class='ocrx_word' id='word_1_476' title='bbox 139 2826 299 2858; x_wconf 87' lang='lat' dir='ltr'>centrum</span> <span class='ocrx_word' id='word_1_477' title='bbox 324 2822 504 2855; x_wconf 90' lang='lat' dir='ltr'>sulcorum</span> <span class='ocrx_word' id='word_1_478' title='bbox 529 2821 565 2854; x_wconf 90' lang='lat' dir='ltr'>in</span> <span class='ocrx_word' id='word_1_479' title='bbox 598 2822 728 2865; x_wconf 86' lang='lat' dir='ltr'>angulo</span> <span class='ocrx_word' id='word_1_480' title='bbox 757 2822 934 2855; x_wconf 86' lang='lat' dir='ltr'>exteriore</span> <span class='ocrx_word' id='word_1_481' title='bbox 961 2821 1130 2854; x_wconf 82' lang='lat' dir='ltr'>inferiore</span> <span class='ocrx_word' id='word_1_482' title='bbox 1156 2821 1262 2854; x_wconf 86' lang='lat' dir='ltr'>situm</span> <span class='ocrx_word' id='word_1_483' title='bbox 1289 2833 1368 2854; x_wconf 85' lang='lat' dir='ltr'>esse</span> <span class='ocrx_word' id='word_1_484' title='bbox 1393 2822 1552 2863; x_wconf 77' lang='lat' dir='ltr'>videtur,</span> <span class='ocrx_word' id='word_1_485' title='bbox 1580 2822 1644 2855; x_wconf 88' lang='lat' dir='ltr'>sed</span> <span class='ocrx_word' id='word_1_486' title='bbox 1671 2823 1964 2865; x_wconf 87' lang='lat' dir='ltr'>contemplatione</span> <span class='ocrx_word' id='word_1_487' title='bbox 1991 2823 2208 2856; x_wconf 86' lang='lat' dir='ltr'>accuratiore</span> <span class='ocrx_word' id='word_1_488' title='bbox 2233 2824 2340 2867; x_wconf 90' lang='lat' dir='ltr'>adpa-</span> 
     </span>
    </p>
   </div>
   <div class='ocr_carea' id='block_1_5' title="bbox 138 2888 2341 3467">
    <p class='ocr_par' dir='ltr' id='par_1_8' title="bbox 138 2888 2341 3133">
     <span class='ocr_line' id='line_1_41' title="bbox 138 2888 2341 2932; baseline -0.001 -7"><span class='ocrx_word' id='word_1_489' title='bbox 138 2894 211 2932; x_wconf 86' lang='lat' dir='ltr'>ret,</span> <span class='ocrx_word' id='word_1_490' title='bbox 254 2892 411 2923; x_wconf 82' lang='lat' dir='ltr'>centrum</span> <span class='ocrx_word' id='word_1_491' title='bbox 436 2888 473 2920; x_wconf 88' lang='lat' dir='ltr'>in</span> <span class='ocrx_word' id='word_1_492' title='bbox 498 2888 616 2921; x_wconf 81' lang='lat' dir='ltr'>medio</span> <span class='ocrx_word' id='word_1_493' title='bbox 643 2888 813 2932; x_wconf 89' lang='lat' dir='ltr'>marginis</span> <span class='ocrx_word' id='word_1_494' title='bbox 839 2888 965 2932; x_wconf 86' lang='lat' dir='ltr'>postici</span> <span class='ocrx_word' id='word_1_495' title='bbox 991 2889 1097 2921; x_wconf 88' lang='lat' dir='ltr'>situm</span> <span class='ocrx_word' id='word_1_496' title='bbox 1125 2899 1224 2930; x_wconf 87' lang='lat' dir='ltr'>esse;</span> <span class='ocrx_word' id='word_1_497' title='bbox 1265 2888 1427 2932; x_wconf 86' lang='lat' dir='ltr'>quodque</span> <span class='ocrx_word' id='word_1_498' title='bbox 1455 2889 1546 2921; x_wconf 85' lang='lat' dir='ltr'>enim</span> <span class='ocrx_word' id='word_1_499' title='bbox 1575 2890 1618 2921; x_wconf 89' lang='lat' dir='ltr'>de</span> <span class='ocrx_word' id='word_1_500' title='bbox 1645 2889 1700 2922; x_wconf 89' lang='grc'><strong>1115</strong></span> <span class='ocrx_word' id='word_1_501' title='bbox 1727 2890 1882 2922; x_wconf 85' lang='lat' dir='ltr'>scutellis</span> <span class='ocrx_word' id='word_1_502' title='bbox 1909 2899 2015 2931; x_wconf 87' lang='lat' dir='ltr'>supra</span> <span class='ocrx_word' id='word_1_503' title='bbox 2040 2889 2160 2930; x_wconf 73' lang='lat' dir='ltr'>vides,</span> <span class='ocrx_word' id='word_1_504' title='bbox 2196 2890 2341 2923; x_wconf 83' lang='lat' dir='ltr'>dimidia.</span> 
     </span>
     <span class='ocr_line' id='line_1_42' title="bbox 139 2955 2340 3000; baseline -0 -9"><span class='ocrx_word' id='word_1_505' title='bbox 139 2968 263 2991; x_wconf 90' lang='lat' dir='ltr'>eorum</span> <span class='ocrx_word' id='word_1_506' title='bbox 288 2967 370 3000; x_wconf 88' lang='lat' dir='ltr'>pars</span> <span class='ocrx_word' id='word_1_507' title='bbox 399 2958 462 2996; x_wconf 85' lang='lat' dir='ltr'>est,</span> <span class='ocrx_word' id='word_1_508' title='bbox 491 2955 602 2987; x_wconf 88' lang='lat' dir='ltr'>altera</span> <span class='ocrx_word' id='word_1_509' title='bbox 629 2955 773 2988; x_wconf 87' lang='lat' dir='ltr'>dimidia</span> <span class='ocrx_word' id='word_1_510' title='bbox 798 2959 909 2999; x_wconf 83' lang='lat' dir='ltr'>parte,</span> <span class='ocrx_word' id='word_1_511' title='bbox 937 2966 1027 2999; x_wconf 88' lang='lat' dir='ltr'>quae</span> <span class='ocrx_word' id='word_1_512' title='bbox 1053 2955 1170 2988; x_wconf 84' lang='lat' dir='ltr'>forma</span> <span class='ocrx_word' id='word_1_513' title='bbox 1195 2955 1447 2998; x_wconf 87' lang='lat' dir='ltr'>magnitudine,</span> <span class='ocrx_word' id='word_1_514' title='bbox 1476 2955 1620 2997; x_wconf 87' lang='lat' dir='ltr'>picturis</span> <span class='ocrx_word' id='word_1_515' title='bbox 1649 2960 1714 2988; x_wconf 88' lang='grc'><strong>010.</strong></span> <span class='ocrx_word' id='word_1_516' title='bbox 1742 2956 1792 2988; x_wconf 87' lang='grc'><strong>1111</strong></span> <span class='ocrx_word' id='word_1_517' title='bbox 1818 2955 1992 2997; x_wconf 87' lang='lat' dir='ltr'>superiori</span> <span class='ocrx_word' id='word_1_518' title='bbox 2018 2956 2136 2999; x_wconf 88' lang='lat' dir='ltr'>utique</span> <span class='ocrx_word' id='word_1_519' title='bbox 2163 2956 2340 2990; x_wconf 88' lang='lat' dir='ltr'>simillima</span> 
     </span>
     <span class='ocr_line' id='line_1_43' title="bbox 140 3021 2339 3066; baseline -0 -8"><span class='ocrx_word' id='word_1_520' title='bbox 140 3028 211 3066; x_wconf 90' lang='lat' dir='ltr'>est,</span> <span class='ocrx_word' id='word_1_521' title='bbox 255 3023 348 3057; x_wconf 84' lang='lat' dir='ltr'>infra</span> <span class='ocrx_word' id='word_1_522' title='bbox 372 3032 499 3055; x_wconf 70' lang='lat' dir='ltr'>versus</span> <span class='ocrx_word' id='word_1_523' title='bbox 526 3021 695 3054; x_wconf 90' lang='lat' dir='ltr'>interiora</span> <span class='ocrx_word' id='word_1_524' title='bbox 720 3022 906 3065; x_wconf 84' lang='lat' dir='ltr'>replicata,</span> <span class='ocrx_word' id='word_1_525' title='bbox 959 3022 1155 3065; x_wconf 86' lang='lat' dir='ltr'>marginem</span> <span class='ocrx_word' id='word_1_526' title='bbox 1182 3033 1324 3054; x_wconf 90' lang='lat' dir='ltr'>osseum</span> <span class='ocrx_word' id='word_1_527' title='bbox 1358 3021 1532 3053; x_wconf 85' lang='lat' dir='ltr'>internum</span> <span class='ocrx_word' id='word_1_528' title='bbox 1559 3025 1709 3065; x_wconf 88' lang='lat' dir='ltr'>tegente.</span> <span class='ocrx_word' id='word_1_529' title='bbox 1763 3021 1863 3054; x_wconf 82' lang='lat' dir='ltr'>Sulci</span> <span class='ocrx_word' id='word_1_530' title='bbox 1890 3026 2025 3063; x_wconf 87' lang='lat' dir='ltr'>autem,</span> <span class='ocrx_word' id='word_1_531' title='bbox 2079 3022 2210 3065; x_wconf 87' lang='lat' dir='ltr'>pariter</span> <span class='ocrx_word' id='word_1_532' title='bbox 2236 3035 2277 3057; x_wconf 90' lang='lat' dir='ltr'>ac</span> <span class='ocrx_word' id='word_1_533' title='bbox 2303 3023 2339 3056; x_wconf 90' lang='grc'>111</span> 
     </span>
     <span class='ocr_line' id='line_1_44' title="bbox 140 3087 2137 3133; baseline -0.002 -8"><span class='ocrx_word' id='word_1_534' title='bbox 140 3091 295 3125; x_wconf 87' lang='lat' dir='ltr'>scutellis</span> <span class='ocrx_word' id='word_1_535' title='bbox 322 3089 601 3130; x_wconf 72' lang='lat' dir='ltr'>vertebralibus,</span> <span class='ocrx_word' id='word_1_536' title='bbox 629 3099 755 3121; x_wconf 70' lang='lat' dir='ltr'>versus</span> <span class='ocrx_word' id='word_1_537' title='bbox 780 3089 976 3133; x_wconf 87' lang='lat' dir='ltr'>marginem</span> <span class='ocrx_word' id='word_1_538' title='bbox 1003 3089 1157 3122; x_wconf 91' lang='lat' dir='ltr'>anticum</span> <span class='ocrx_word' id='word_1_539' title='bbox 1184 3092 1218 3121; x_wconf 90' lang='lat' dir='ltr'>et</span> <span class='ocrx_word' id='word_1_540' title='bbox 1244 3099 1369 3121; x_wconf 73' lang='lat' dir='ltr'>versus</span> <span class='ocrx_word' id='word_1_541' title='bbox 1396 3087 1571 3131; x_wconf 86' lang='lat' dir='ltr'>margines</span> <span class='ocrx_word' id='word_1_542' title='bbox 1600 3089 1688 3120; x_wconf 91' lang='lat' dir='ltr'>duos</span> <span class='ocrx_word' id='word_1_543' title='bbox 1715 3088 1880 3121; x_wconf 87' lang='lat' dir='ltr'>laterales</span> <span class='ocrx_word' id='word_1_544' title='bbox 1908 3088 2137 3131; x_wconf 86' lang='lat' dir='ltr'>explicantur.</span> 
     </span>
    </p>

    <p class='ocr_par' dir='ltr' id='par_1_9' title="bbox 139 3154 2336 3467">
     <span class='ocr_line' id='line_1_45' title="bbox 287 3154 2336 3200; baseline -0.001 -10"><span class='ocrx_word' id='word_1_545' title='bbox 287 3157 420 3190; x_wconf 89' lang='lat' dir='ltr'>Iisdem</span> <span class='ocrx_word' id='word_1_546' title='bbox 445 3156 583 3200; x_wconf 88' lang='lat' dir='ltr'>legibus</span> <span class='ocrx_word' id='word_1_547' title='bbox 617 3155 738 3188; x_wconf 84' lang='lat' dir='ltr'>nititur</span> <span class='ocrx_word' id='word_1_548' title='bbox 763 3156 852 3188; x_wconf 89' lang='lat' dir='ltr'>ratio</span> <span class='ocrx_word' id='word_1_549' title='bbox 880 3156 1085 3189; x_wconf 89' lang='lat' dir='ltr'>incrementi</span> <span class='ocrx_word' id='word_1_550' title='bbox 1112 3159 1146 3188; x_wconf 90' lang='lat' dir='ltr'>et</span> <span class='ocrx_word' id='word_1_551' title='bbox 1173 3154 1453 3188; x_wconf 88' lang='lat' dir='ltr'>commutationis</span> <span class='ocrx_word' id='word_1_552' title='bbox 1479 3154 1617 3186; x_wconf 80' lang='lat' dir='ltr'>formae</span> <span class='ocrx_word' id='word_1_553' title='bbox 1643 3158 1822 3187; x_wconf 89' lang='lat' dir='ltr'>scutorum</span> <span class='ocrx_word' id='word_1_554' title='bbox 1860 3155 1964 3188; x_wconf 89' lang='lat' dir='ltr'>etiam</span> <span class='ocrx_word' id='word_1_555' title='bbox 1998 3155 2033 3187; x_wconf 89' lang='lat' dir='ltr'>in</span> <span class='ocrx_word' id='word_1_556' title='bbox 2067 3156 2224 3198; x_wconf 90' lang='lat' dir='ltr'>pluribus</span> <span class='ocrx_word' id='word_1_557' title='bbox 2258 3155 2336 3188; x_wconf 89' lang='lat' dir='ltr'>aliis</span> 
     </span>
     <span class='ocr_line' id='line_1_46' title="bbox 140 3220 2335 3267; baseline -0.002 -10"><span class='ocrx_word' id='word_1_558' title='bbox 140 3224 354 3258; x_wconf 87' lang='lat' dir='ltr'>testudinum</span> <span class='ocrx_word' id='word_1_559' title='bbox 380 3224 584 3267; x_wconf 86' lang='lat' dir='ltr'>speciebus,</span> <span class='ocrx_word' id='word_1_560' title='bbox 613 3222 738 3266; x_wconf 90' lang='lat' dir='ltr'>quibus</span> <span class='ocrx_word' id='word_1_561' title='bbox 766 3226 922 3255; x_wconf 90' lang='lat' dir='ltr'>centrum</span> <span class='ocrx_word' id='word_1_562' title='bbox 948 3223 1128 3256; x_wconf 84' lang='lat' dir='ltr'>sulcorum</span> <span class='ocrx_word' id='word_1_563' title='bbox 1154 3222 1189 3255; x_wconf 81' lang='grc'>111</span> <span class='ocrx_word' id='word_1_564' title='bbox 1216 3222 1292 3265; x_wconf 83' lang='grc'><strong>11150</strong></span> <span class='ocrx_word' id='word_1_565' title='bbox 1320 3221 1546 3254; x_wconf 84' lang='grc'><strong>50111011010111</strong></span> <span class='ocrx_word' id='word_1_566' title='bbox 1573 3225 1693 3253; x_wconf 88' lang='lat' dir='ltr'>centro</span> <span class='ocrx_word' id='word_1_567' title='bbox 1728 3221 1833 3254; x_wconf 88' lang='lat' dir='ltr'>situm</span> <span class='ocrx_word' id='word_1_568' title='bbox 1868 3225 1921 3254; x_wconf 89' lang='lat' dir='ltr'>est</span> <span class='ocrx_word' id='word_1_569' title='bbox 1962 3225 2016 3263; x_wconf 80' lang='lat' dir='ltr'>(v.</span> <span class='ocrx_word' id='word_1_570' title='bbox 2045 3233 2074 3254; x_wconf 92' lang='grc'>0.</span> <span class='ocrx_word' id='word_1_571' title='bbox 2102 3222 2137 3254; x_wconf 87' lang='grc'>111</span> <span class='ocrx_word' id='word_1_572' title='bbox 2164 3220 2335 3254; x_wconf 88' lang='lat' dir='ltr'>Chersine</span> 
     </span>
     <span class='ocr_line' id='line_1_47' title="bbox 139 3288 2334 3334; baseline -0.001 -10"><span class='ocrx_word' id='word_1_573' title='bbox 139 3291 338 3331; x_wconf 86' lang='lat' dir='ltr'>tessellata,</span> <span class='ocrx_word' id='word_1_574' title='bbox 374 3291 549 3331; x_wconf 85' lang='lat' dir='ltr'>areolata,</span> <span class='ocrx_word' id='word_1_575' title='bbox 585 3288 800 3334; x_wconf 82' lang='lat' dir='ltr'>geometrica</span> <span class='ocrx_word' id='word_1_576' title='bbox 827 3291 933 3331; x_wconf 66' lang='grc'><strong>010),</strong></span> <span class='ocrx_word' id='word_1_577' title='bbox 969 3290 1062 3322; x_wconf 86' lang='lat' dir='ltr'>unde</span> <span class='ocrx_word' id='word_1_578' title='bbox 1089 3289 1277 3331; x_wconf 77' lang='lat' dir='ltr'>explicatio</span> <span class='ocrx_word' id='word_1_579' title='bbox 1305 3289 1483 3321; x_wconf 88' lang='lat' dir='ltr'>sulcorum</span> <span class='ocrx_word' id='word_1_580' title='bbox 1510 3298 1634 3321; x_wconf 86' lang='lat' dir='ltr'>versus</span> <span class='ocrx_word' id='word_1_581' title='bbox 1662 3299 1784 3321; x_wconf 88' lang='lat' dir='ltr'>omnes</span> <span class='ocrx_word' id='word_1_582' title='bbox 1809 3288 1986 3332; x_wconf 88' lang='lat' dir='ltr'>margines</span> <span class='ocrx_word' id='word_1_583' title='bbox 2013 3288 2230 3331; x_wconf 88' lang='lat' dir='ltr'>singulorum</span> <span class='ocrx_word' id='word_1_584' title='bbox 2257 3298 2334 3321; x_wconf 86' lang='lat' dir='ltr'>scu-</span> 
     </span>
     <span class='ocr_line' id='line_1_48' title="bbox 140 3353 2333 3400; baseline -0.001 -10"><span class='ocrx_word' id='word_1_585' title='bbox 140 3359 303 3391; x_wconf 88' lang='lat' dir='ltr'>tellorum</span> <span class='ocrx_word' id='word_1_586' title='bbox 331 3357 460 3399; x_wconf 82' lang='lat' dir='ltr'>pariter</span> <span class='ocrx_word' id='word_1_587' title='bbox 487 3357 722 3400; x_wconf 89' lang='lat' dir='ltr'>progreditur.</span> <span class='ocrx_word' id='word_1_588' title='bbox 801 3355 983 3398; x_wconf 86' lang='lat' dir='ltr'>Siquidem</span> <span class='ocrx_word' id='word_1_589' title='bbox 1009 3356 1043 3387; x_wconf 91' lang='lat' dir='ltr'>in</span> <span class='ocrx_word' id='word_1_590' title='bbox 1070 3354 1206 3398; x_wconf 72' lang='lat' dir='ltr'>Emyde</span> <span class='ocrx_word' id='word_1_591' title='bbox 1234 3355 1361 3387; x_wconf 74' lang='lat' dir='ltr'>lutat-ia</span> <span class='ocrx_word' id='word_1_592' title='bbox 1387 3354 1552 3397; x_wconf 73' lang='lat' dir='ltr'>aliisque,</span> <span class='ocrx_word' id='word_1_593' title='bbox 1596 3354 1721 3398; x_wconf 86' lang='lat' dir='ltr'>quibus</span> <span class='ocrx_word' id='word_1_594' title='bbox 1748 3359 1905 3387; x_wconf 83' lang='lat' dir='ltr'>centrum</span> <span class='ocrx_word' id='word_1_595' title='bbox 1931 3355 2107 3387; x_wconf 87' lang='lat' dir='ltr'>sulcorum</span> <span class='ocrx_word' id='word_1_596' title='bbox 2134 3353 2179 3386; x_wconf 89' lang='lat' dir='ltr'>ad</span> <span class='ocrx_word' id='word_1_597' title='bbox 2205 3355 2333 3398; x_wconf 85' lang='lat' dir='ltr'>margi-</span> 
     </span>
     <span class='ocr_line' id='line_1_49' title="bbox 139 3418 2333 3467; baseline -0.002 -9"><span class='ocrx_word' id='word_1_598' title='bbox 139 3436 221 3458; x_wconf 88' lang='lat' dir='ltr'>nem</span> <span class='ocrx_word' id='word_1_599' title='bbox 246 3423 419 3467; x_wconf 84' lang='lat' dir='ltr'>posticmn</span> <span class='ocrx_word' id='word_1_600' title='bbox 446 3424 673 3457; x_wconf 81' lang='lat' dir='ltr'>scutellarum</span> <span class='ocrx_word' id='word_1_601' title='bbox 699 3423 804 3456; x_wconf 84' lang='lat' dir='ltr'>situm</span> <span class='ocrx_word' id='word_1_602' title='bbox 831 3426 902 3461; x_wconf 86' lang='lat' dir='ltr'>est,</span> <span class='ocrx_word' id='word_1_603' title='bbox 946 3422 1093 3455; x_wconf 87' lang='lat' dir='ltr'>scutella</span> <span class='ocrx_word' id='word_1_604' title='bbox 1120 3422 1196 3465; x_wconf 75' lang='lat' dir='ltr'>ipsa</span> <span class='ocrx_word' id='word_1_605' title='bbox 1222 3421 1334 3465; x_wconf 83' lang='lat' dir='ltr'>magis</span> <span class='ocrx_word' id='word_1_606' title='bbox 1362 3420 1578 3463; x_wconf 83' lang='lat' dir='ltr'>longitudine</span> <span class='ocrx_word' id='word_1_607' title='bbox 1605 3433 1709 3464; x_wconf 87' lang='lat' dir='ltr'>quam</span> <span class='ocrx_word' id='word_1_608' title='bbox 1736 3421 1917 3454; x_wconf 87' lang='lat' dir='ltr'>latitudine</span> <span class='ocrx_word' id='word_1_609' title='bbox 1945 3423 2124 3460; x_wconf 86' lang='lat' dir='ltr'>crescunt,</span> <span class='ocrx_word' id='word_1_610' title='bbox 2160 3419 2196 3452; x_wconf 90' lang='lat' dir='ltr'>in</span> <span class='ocrx_word' id='word_1_611' title='bbox 2223 3418 2333 3454; x_wconf 87' lang='lat' dir='ltr'>Cher-</span> 
     </span>
    </p>
   </div>
   <div class='ocr_carea' id='block_1_6' title="bbox 141 3486 2332 3534">
    <p class='ocr_par' dir='ltr' id='par_1_10' title="bbox 141 3486 2332 3534">
     <span class='ocr_line' id='line_1_50' title="bbox 141 3486 2332 3534; baseline -0.001 -10"><span class='ocrx_word' id='word_1_612' title='bbox 141 3492 226 3525; x_wconf 83' lang='grc'><strong>51015</strong></span> <span class='ocrx_word' id='word_1_613' title='bbox 260 3490 422 3534; x_wconf 86' lang='lat' dir='ltr'>allegatis</span> <span class='ocrx_word' id='word_1_614' title='bbox 456 3491 696 3534; x_wconf 82' lang='lat' dir='ltr'>si111ilib11squc</span> <span class='ocrx_word' id='word_1_615' title='bbox 731 3493 848 3522; x_wconf 88' lang='lat' dir='ltr'>autem</span> <span class='ocrx_word' id='word_1_616' title='bbox 874 3488 1021 3522; x_wconf 86' lang='lat' dir='ltr'>scutella</span> <span class='ocrx_word' id='word_1_617' title='bbox 1054 3488 1186 3531; x_wconf 85' lang='lat' dir='ltr'>pariter</span> <span class='ocrx_word' id='word_1_618' title='bbox 1219 3488 1254 3521; x_wconf 88' lang='lat' dir='ltr'>in</span> <span class='ocrx_word' id='word_1_619' title='bbox 1280 3487 1534 3531; x_wconf 84' lang='lat' dir='ltr'>longitudinem</span> <span class='ocrx_word' id='word_1_620' title='bbox 1569 3492 1603 3520; x_wconf 79' lang='lat' dir='ltr'>et</span> <span class='ocrx_word' id='word_1_621' title='bbox 1638 3488 1858 3520; x_wconf 86' lang='lat' dir='ltr'>latitudinem</span> <span class='ocrx_word' id='word_1_622' title='bbox 1885 3490 2076 3530; x_wconf 82' lang='lat' dir='ltr'>augentur,</span> <span class='ocrx_word' id='word_1_623' title='bbox 2104 3486 2168 3520; x_wconf 86' lang='lat' dir='ltr'>sed</span> <span class='ocrx_word' id='word_1_624' title='bbox 2193 3490 2332 3522; x_wconf 84' lang='lat' dir='ltr'>scutum</span> 
     </span>
    </p>
   </div>
   <div class='ocr_carea' id='block_1_7' title="bbox 204 3553 1734 3588">
    <p class='ocr_par' dir='ltr' id='par_1_11' title="bbox 204 3553 1734 3588">
     <span class='ocr_line' id='line_1_51' title="bbox 204 3553 1734 3588; baseline -0.005 -7"><span class='ocrx_word' id='word_1_625' title='bbox 204 3557 438 3582; x_wconf 42' lang='lat' dir='ltr'>Galxvssuuonsr</span> <span class='ocrx_word' id='word_1_626' title='bbox 474 3554 619 3588; x_wconf 70' lang='lat' dir='ltr'>Replilia.</span> <span class='ocrx_word' id='word_1_627' title='bbox 1710 3553 1734 3586; x_wconf 80' lang='lat'>4</span> 
     </span>
    </p>
   </div>
  </div>
 </body>
</html>
