2632 3890
259 127 320 171 14
1198 115 1504 152 CHELONII.

253 242 364 271 totum
390 237 425 269 in
452 235 524 273 his,
567 242 677 275 aeque
704 242 746 263 ae
773 233 807 263 in
835 230 921 272 illis,
975 227 1191 272 longitudine
1218 226 1330 269 magis
1358 225 1484 259 crescit
1510 236 1615 270 quam
1640 225 1842 267 latitudine,
1895 238 1994 268 nam,
2047 236 2186 270 quoque
2211 237 2306 259 novo
2332 227 2444 260 incre-

250 309 386 345 mento,
434 300 627 334 secuudum
653 298 907 341 longitudinem
934 298 1056 329 deceni
1083 298 1143 326 aut
1170 298 1248 326 octo
1277 294 1402 335 sulcis,
1457 293 1650 325 secundum
1676 293 1895 326 latitudinem
1930 297 2048 326 autem
2074 296 2209 326 tantum
2235 304 2301 326 sex
2326 294 2444 334 sulcis,

250 374 408 415 augetur.
460 367 503 400 ln
530 365 713 399 Chersiuis
740 365 901 407 allegatis
935 366 1092 395 centrum
1119 361 1297 394 sulcorum
1324 361 1551 393 scutellorum
1580 360 1825 403 marginalium
1860 360 1894 392 in
1920 361 2037 394 medio
2063 360 2232 404 marginis
2260 360 2446 394 exterioris

247 439 351 471 situm
377 446 455 468 esse
482 433 640 474 videtur,
667 433 731 466 sed
757 443 795 464 re
821 441 906 463 vera
935 430 967 460 in
996 430 1116 460 centro
1144 428 1372 461 scutellorum
1399 427 1618 471 singulorum
1645 426 1749 459 situm
1777 430 1847 467 est,
1891 438 1970 460 cum
1996 427 2085 461 liaeo
2112 428 2277 468 scutella,
2321 427 2446 460 eodem

246 504 349 537 modo
377 514 419 535 ac
446 501 480 533 in
507 500 651 544 reliquis
678 498 912 532 testudinibus
940 495 1045 537 hujus
1072 495 1232 538 generis,
1262 496 1385 528 subtus
1414 499 1448 527 ct
1474 494 1567 527 intus
1594 494 1730 526 reflexa
1757 494 1836 526 sint.

936 830 980 872 3.
1055 832 1101 871 Ε.
1162 828 1744 873 PULCHELLA.

341 961 475 1007 (imile
497 957 657 1007 glabro,
685 956 847 1006 pellibus
867 956 1065 1004 judaiuns,
1101 956 1271 989 semellia·
1298 960 1418 989 testae
1444 956 1629 990 (creolatis
1655 956 1733 990 late
1759 956 1927 998 cassatis,
1955 954 2087 990 emula
2112 957 2349 1004 septemciali

1227 1014 1342 1058 (Tab.
1370 1014 1424 1048 lv
1435 1021 1459 1057 J.

387 1165 616 1199 Individuum
648 1164 760 1197 nostri
793 1163 924 1203 musei,
979 1161 1072 1196 Tab.
1099 1161 1155 1196 IV
1190 1162 1340 1205 pictum,
1394 1162 1526 1205 absque
1563 1162 1635 1194 ullo
1663 1161 1770 1195 dubio
1804 1162 1921 1205 pullus
1956 1165 2017 1195 aut
2041 1162 2159 1196 foetus
2186 1161 2291 1206 hujus
2318 1163 2449 1206 speciei

238 1238 310 1276 est,
337 1234 503 1267 umbilico
531 1232 650 1265 hiante
677 1236 712 1264 et
738 1242 842 1264 sacco
870 1231 1117 1263 membranoso
1145 1229 1315 1271 difformi,
1345 1240 1391 1263 ex
1417 1229 1477 1261 illo
1505 1240 1697 1272 suspenso,
1744 1230 1953 1262 testantibus
1983 1232 2036 1272 (v.
2066 1229 2159 1263 Tab.
2186 1229 2259 1271 IV,
2287 1230 2365 1274 Fig.
2382 1230 2447 1273 ΙΙ).

239 1302 368 1335 Forma
395 1305 429 1334 et
457 1300 681 1344 proportione
709 1298 867 1341 corporis
895 1298 1042 1341 ejusque
1068 1298 1237 1340 partium,
1274 1308 1339 1329 nec
1365 1307 1436 1329 non
1462 1308 1609 1329 numero
1642 1297 1757 1329 forma
1785 1300 1818 1329 et
1845 1297 1915 1330 situ
1946 1297 2175 1331 scutellorum
2197 1301 2262 1331 etc.
2289 1302 2449 1332 nostrum

239 1369 368 1402 animal
404 1368 533 1411 optime
568 1367 717 1410 quadrat
752 1366 797 1398 ad
832 1366 953 1398 icones
988 1368 1059 1397 tres
1095 1375 1243 1407 superas
1278 1364 1421 1397 tabulae
1447 1363 1579 1397 XXVI
1607 1363 1938 1405 SCHOEPFFIANAE,
1976 1375 2019 1397 ea
2045 1368 2200 1397 attamen
2226 1366 2447 1409 exceptione,

237 1437 331 1481 quod
357 1440 516 1468 nostrum
543 1433 799 1478 longitudinem
827 1432 870 1466 11
901 1432 1074 1465 linearum
1100 1431 1195 1464 haud
1222 1432 1390 1473 excedat,
1435 1432 1550 1464 cauda
1578 1431 1626 1464 10
1653 1431 1765 1464 lineas
1793 1431 1899 1475 longa
1925 1432 1988 1472 sit,
2031 1433 2180 1465 scutella.
2206 1432 2361 1466 dorsalia
2388 1444 2449 1466 au-

238 1508 309 1537 tem
334 1502 493 1546 margine
521 1502 660 1534 elevato
688 1500 895 1534 albostriato
924 1502 1078 1532 careant.
1151 1498 1347 1532 ScuoEPFF
1374 1509 1455 1543 pag.
1486 1497 1558 1532 114
1584 1499 1628 1531 de
1655 1498 1723 1531 hae
1748 1499 1866 1542 speeie
1894 1499 2028 1540 adfert,
2069 1510 2255 1533 numerum
2279 1511 2450 1544 rugarum

238 1570 488 1614 marginalium
515 1569 744 1601 scutellorum
770 1567 988 1600 incremento
1016 1566 1246 1610 progressivo
1274 1569 1455 1599 scutorum
1483 1566 1625 1609 augeri,
1661 1567 1755 1610 quod
1790 1567 1897 1599 etiam
1930 1566 1966 1599 in
1992 1567 2093 1600 icone.
2119 1567 2254 1610 majore
2280 1568 2449 1601 inferiore

238 1638 380 1671 tabulae
408 1637 601 1680 allegatae,
629 1635 741 1668 tribus
768 1635 867 1678 rugis
894 1634 1148 1678 marginalibus
1176 1634 1406 1666 seutellorum
1433 1633 1581 1677 insigni,
1611 1634 1836 1677 perspicuum
1864 1637 1927 1667 est.
1970 1633 2059 1667 Inde
2086 1638 2245 1668 nostrum
2271 1635 2450 1678 specimen

238 1717 301 1749 pro
329 1704 425 1747 pullo
453 1703 718 1747 agnoscendum
744 1706 798 1734 est
824 1702 860 1734 in
887 1701 1001 1734 stadio
1029 1701 1142 1744 primo
1178 1701 1384 1733 incrementi
1411 1705 1595 1742 versante,
1648 1701 1779 1734 nedum
1806 1712 1896 1745 ruga
1928 1702 2042 1745 prima
2073 1702 2262 1746 marginali
2294 1703 2448 1736 adcreta.

238 1771 431 1815 Fingamus
459 1770 619 1803 iconibus
646 1770 758 1802 tribus
786 1769 906 1812 primis
934 1768 1053 1811 parvis
1090 1768 1204 1801 citatis
1239 1779 1366 1811 rugam
1399 1768 1632 1812 marginalem
1666 1769 1909 1801 albostriatam
1936 1769 2080 1811 deesse,
2134 1780 2178 1802 en
2204 1773 2316 1803 totum
2342 1769 2450 1803 habe-

238 1850 315 1872 mus
342 1841 502 1871 nostrum
529 1837 681 1880 pullum,
718 1837 837 1869 colore
865 1836 972 1868 etiam
998 1847 1079 1868 eum
1103 1836 1173 1868 illis
1201 1838 1472 1878 congruel'ltem,
1508 1846 1590 1867 nam
1617 1840 1756 1868 scutum
1782 1836 1923 1868 dorsale
1949 1840 2155 1869 castaneum
2183 1839 2254 1879 est,
2292 1840 2450 1870 sternum

239 1910 357 1939 autem
384 1904 668 1948 cinereonigrum
693 1904 801 1936 limbo
829 1903 1067 1946 pallidessavo.
1147 1901 1338 1935 Caeterum
1366 1906 1484 1935 autem
1517 1903 1553 1934 in
1590 1903 1750 1935 iconibus
1778 1902 2076 1937 Senolzl’FFleS
2113 1904 2260 1937 eaedem
2287 1903 2449 1937 differen-

238 1973 308 2006 tiae
335 1971 573 2015 proportionis
600 1971 840 2012 scutelloruni,
869 1970 1063 2004 secundum
1089 1972 1261 2011 aetatem,
1289 1980 1329 2003 se
1354 1970 1594 2012 manifestant,
1623 1970 1667 2003 de
1694 1970 1820 2014 quibus
1843 1970 1919 2014 jam
1944 1971 2010 2004 sub
2037 1970 2174 2014 Emyde
2200 1971 2329 2005 lutaria
2354 1971 2449 2005 locu-

238 2045 294 2073 tus
322 2050 410 2072 sum.

997 2312 1042 2354 4.
1115 2313 1161 2354 Ε.
1222 2313 1694 2355 GALEATA.

332 2441 466 2488 Capite
491 2452 614 2487 supra
641 2438 912 2485 cataphracta,
941 2436 1051 2484 iufra
1078 2436 1310 2479 bi(·irrleat0;
1331 2436 1495 2485 pellibus
1522 2439 1983 2487 qm'nquemeglcimdutis,·
2017 2442 2187 2477 scutellis
2212 2443 2358 2491 margi-

854 2494 1007 2531 nulibus
1033 2497 1101 2540 24,
1129 2497 1252 2531 alelmi
1277 2497 1323 2531 13
1377 2498 1492 2541 (Tab.
1520 2498 1573 2540 V,
1602 2499 1680 2543 Fig.
1701 2499 1739 2541 I,
1767 2499 1840 2542 II).

393 2646 581 2680 Scutum
608 2645 796 2678 dorsale
822 2643 1090 2678 suborbiculare
1117 2644 1336 2688 longitudine
1363 2644 1409 2678 21
1440 2645 1632 2686 linearum,
1686 2646 1869 2680 latitudine
1896 2658 2003 2690 supra
2029 2649 2137 2691 pedes
2165 2649 2338 2692 posticos,
2390 2650 2452 2683 ubi

243 2714 451 2748 latissimum
479 2718 549 2754 est,
590 2712 635 2745 18
665 2702 854 2753 linearum3
896 2711 1051 2744 scutellis
1078 2711 1331 2755 marginalibus
1358 2711 1407 2744 24
1433 2712 1613 2753 laevibus,
1659 2713 1860 2746 dorsalibus
1888 2715 2300 2759 subradiatim-striatis,
2344 2716 2452 2750 radiis

246 2781 432 2819 obsoletis,
461 2791 546 2813 arca
572 2779 688 2812 media
716 2778 851 2822 punctis
879 2780 1023 2820 scabra3
1080 2778 1339 2811 vertebralibus
1368 2777 1389 2811 5
1418 2778 1614 2822 hexagonis
1642 2780 1827 2822 carinatis,
1857 2782 1974 2814 antico
2003 2786 2037 2815 et
2064 2783 2198 2826 postico
2227 2784 2451 2816 semicarina-

246 2848 310 2889 tis,
343 2848 524 2880 latitudine
552 2847 689 2879 circiter
716 2845 962 2889 longitudinis,
998 2845 1109 2878 tribus
1144 2845 1268 2877 mediis
1296 2846 1529 2886 transversis,
1565 2847 1721 2879 secundo
1750 2851 1783 2879 et
1811 2848 1913 2881 tertio
1941 2849 2160 2893 longitudine
2189 2851 2294 2894 duplo
2321 2851 2451 2883 latiori-

247 2916 324 2948 bus.
370 2913 583 2946 Sternunt
610 2913 724 2946 antice
752 2916 786 2945 et
812 2913 946 2956 postico
973 2915 1191 2953 truncatum,
1219 2912 1437 2956 longitudine
1467 2913 1512 2945 18
1540 2913 1731 2955 linearu1n3
1759 2914 1794 2946 in
1821 2915 1936 2948 medio
1967 2915 2030 2958 15,
2059 2917 2152 2950 infra
2178 2918 2286 2961 pedes
2315 2917 2451 2951 anticos

251 2980 316 3022 12,
344 2991 451 3023 supra
477 2981 584 3022 pedes
612 2981 766 3023 posticos
794 2980 816 3013 9
844 2980 955 3012 lineas
982 2980 1111 3021 latum3
1140 2979 1253 3012 antice
1282 2983 1316 3012 et
1342 2980 1477 3022 postice
1503 2981 1634 3013 sensim
1661 2985 1904 3025 angustatum3
1931 2984 2087 3017 scutellis
2118 2984 2181 3025 13,
2209 2995 2357 3027 quorum
2385 2984 2452 3017 tria

249 3048 365 3080 antica
392 3046 621 3089 triangularia
647 3047 783 3079 minora
809 3050 909 3088 suut,
961 3047 1078 3079 medio
1106 3046 1232 3079 horum
1259 3049 1375 3078 tamen
1402 3047 1607 3079 lateralibus
1635 3049 1780 3090 majore.
1850 3048 2006 3084 Gauda
2032 3051 2155 3083 conica
2182 3054 2346 3093 porrecta
2372 3052 2450 3084 bre-

248 3114 413 3154 vissima,
450 3116 575 3145 testam
602 3113 779 3145 dorsalem
805 3115 910 3155 paulo
939 3114 1136 3155 excedens,
1171 3113 1400 3156 pedesque
1435 3124 1542 3156 supra
1569 3115 1723 3157 squamis
1751 3117 1868 3149 vestiti
1895 3121 1985 3150 sunt.
2048 3115 2138 3160 Cap
2149 3121 2194 3149 ut
2221 3129 2327 3161 supra
2355 3122 2450 3151 eata-

252 3181 434 3224 phraetum
462 3182 517 3222 (v.
546 3178 639 3212 Tab.
667 3177 719 3219 V,
755 3178 831 3222 Fig.
860 3179 938 3221 II),
981 3180 1091 3213 scutis
1120 3180 1161 3221 3,
1196 3190 1343 3223 quorum
1371 3180 1554 3223 occipitale
1580 3182 1774 3216 maximum
1800 3184 2120 3223 suborbieulatum,
2159 3185 2228 3217 duo
2257 3185 2369 3218 altera
2396 3197 2450 3218 ar-

253 3251 356 3280 cuata
382 3247 474 3280 inter
507 3247 630 3279 oeulos
668 3245 735 3278 sita
772 3248 862 3277 sunt.
941 3244 1086 3279 Nares
1129 3246 1421 3280 orbiculares
1462 3247 1497 3279 in
1524 3252 1638 3281 rostro
1676 3249 1738 3283 vix
1772 3251 2001 3293 prominente.
2079 3250 2224 3284 Inferne
2263 3251 2360 3296 (Fig.
2388 3251 2449 3294 II)

253 3318 357 3357 caput
392 3314 530 3357 papillis
567 3313 704 3345 duabus
740 3312 930 3355 elongatis,
990 3324 1055 3345 ceu
1093 3313 1216 3346 ciri-his
1252 3313 1438 3353 brevibuS,
1492 3314 1699 3349 instructum
1735 3320 1797 3350 est.
1890 3315 2068 3350 Collum
2105 3329 2257 3362 superne
2294 3319 2449 3362 squamis

254 3379 422 3412 obsoletis
463 3384 602 3413 tectum.
687 3378 935 3422 Proportio
982 3380 1175 3422 partium
1218 3379 1372 3412 omnium
1413 3380 1503 3413 sicut
1545 3381 1581 3413 in
1622 3383 1739 3425 specie
1782 3387 1969 3427 sequente,
2033 3385 2146 3428 capite
2189 3386 2295 3429 paulo
2338 3396 2448 3429 angu-

255 3446 373 3480 stiore.
429 3445 566 3481 Color
600 3457 751 3490 superne
782 3446 980 3486 olivaceuS,
1019 3446 1111 3480 areis
1150 3447 1274 3480 mediis
1303 3447 1531 3481 scutellorum
1557 3449 1750 3483 dorsalium
1783 3450 2065 3494 obscurioribus,
2110 3452 2241 3486 suturis
2274 3451 2449 3496 nigrican-
