2632 3890
1088 182 1116 215 I.
1171 182 1343 216 HYLA.
2262 182 2322 223 29

128 288 258 333 speciei
285 288 378 331 apud
398 287 634 328 DAUDIMUM,
665 287 802 321 ratione
830 289 966 322 somnae
994 294 1029 323 et
1055 290 1292 333 proportionis
1320 290 1478 334 corporis
1505 289 1651 334 eJ'usque
1678 289 1840 333 partium,
1868 290 2082 334 respondent
2107 293 2228 322 nostro
2256 301 2332 333 spe-

128 356 266 397 cimini,
300 356 392 400 quod
419 359 571 388 attamen
598 355 631 387 in
659 356 776 388 medio
804 357 962 400 corporis
989 358 1095 400 paulo
1124 357 1278 390 crassius
1307 361 1370 390 est.
1425 356 1516 390 Cum
1543 360 1661 390 autem
1688 357 1767 389 icon
1795 356 1955 399 Hylam
1992 357 2257 401 squirellam
2284 358 2333 390 di-

130 422 211 468 gitis
247 423 354 468 paulo
388 422 633 466 gracilioribus
667 428 929 466 repraesentet,
972 424 1063 457 hanc
1097 424 1214 467 potius
1248 434 1352 466 quam
1386 425 1529 457 rubram
1563 424 1606 457 ad
1642 427 1799 456 nostram
1834 424 1986 465 speciem
2021 424 2190 457 adhibere
2216 425 2333 465 malui,

129 500 357 534 quamquam,
400 500 419 521 e
445 489 708 532 comparatione
743 491 957 534 reliquarum
992 491 1133 523 iconum
1160 489 1362 531 DAUDm‘ll,
1409 490 1498 523 bene
1536 491 1628 532 scio,
1672 490 1842 534 pictorem
1877 494 1937 522 aut
1971 491 2180 533 sculptor-em
2215 503 2335 524 veram

129 557 255 591 harum
280 556 431 600 partium
456 556 608 589 formam
635 564 669 589 et
695 557 957 601 proportionem
984 557 1191 600 saepissime
1219 556 1439 601 neglexisse,
1483 557 1650 601 ideoque,
1699 557 1753 590 his
1781 556 2043 590 characteribus
2069 558 2148 598 niti,
2194 559 2254 591 vix
2281 570 2335 592 ra—

131 624 236 658 tionis
270 634 359 656 esse.

282 689 467 723 Coloris
502 694 536 723 et
570 691 781 734 picturae
816 692 925 725 nostri
953 691 1154 734 speciminis
1192 690 1464 734 descriptionem
1498 690 1555 723 hic
1589 691 1818 735 subjungam:
1862 689 2000 734 Corpus
2037 694 2148 723 totum
2175 696 2337 735 artusque

132 758 224 791 infra
251 757 392 804 sordide
419 758 514 790 flava
540 762 638 800 sunt,
673 770 797 802 supra,
832 759 942 791 fundo
970 759 1112 791 sordide
1140 758 1459 798 dilute-brunneo,
1496 757 1639 800 picturis
1667 757 1720 790 his
1748 758 1864 791 lividis
1901 759 1935 800 (1.
1955 769 1984 791 e.
2013 758 2132 790 colore.
2159 759 2338 802 sanguinis

132 826 197 858 sub
225 828 305 857 cute
334 825 590 867 extravasati):
635 826 727 857 linea
756 836 777 857 a
803 826 943 868 singula
968 837 1054 858 nare
1083 826 1127 858 ad
1164 825 1323 867 ejusdem
1350 824 1470 857 lateris
1498 824 1638 856 oculum
1665 824 1787 865 dueta,
1828 825 1964 867 punctis
1992 825 2202 868 quibusdam
2228 826 2262 858 111
2289 826 2339 858 111-

133 891 284 925 terstitio
312 891 449 923 illarum
477 892 669 933 linearum3
704 892 818 924 fascia
846 893 936 924 inter
963 893 1105 934 oculos3
1141 892 1243 924 lineis
1270 892 1346 924 istis
1374 891 1604 932 continuatis,
1639 891 1682 923 ab
1719 891 1822 923 oculo
1850 891 1929 924 inde
1956 902 2018 934 per
2045 892 2156 925 latera
2183 893 2340 936 corporis

133 957 418 998 decurrentibus,
460 958 495 989 in
529 958 653 990 vittam
687 958 860 999 dilatatis,
905 970 995 1002 quae
1029 969 1156 991 versus
1191 958 1459 1001 hypochondria
1493 958 1623 991 sensim
1659 957 1839 990 evanescit
1875 959 1970 990 etin
2005 963 2132 1001 puncta
2168 960 2341 1003 quaedam

133 1025 291 1068 dispersa
319 1024 543 1065 dissolvitur3
581 1028 768 1067 praeterea
793 1026 889 1058 vittis
917 1026 1054 1058 duabus
1081 1025 1178 1066 latis,
1207 1025 1347 1069 singula
1374 1037 1465 1068 pone
1492 1025 1669 1068 singulum
1698 1025 1838 1057 oculum
1865 1028 1959 1065 orta,
1996 1027 2210 1068 paralleliter
2235 1038 2341 1069 supra

133 1092 276 1125 dorsum
303 1091 588 1132 decurrentibus,
616 1103 742 1125 versus
771 1103 875 1125 anum
903 1093 1033 1125 sensim
1061 1093 1096 1125 111
1122 1094 1280 1125 maculas
1307 1103 1437 1135 parvas
1465 1092 1656 1124 dissolutis.
1698 1091 1776 1124 llae.
1803 1091 1932 1132 vittae,
1961 1095 2031 1124 tam
2057 1093 2220 1126 laterales
2239 1104 2340 1137 quam

132 1159 311 1201 dorsales,
338 1158 474 1201 punctis
501 1159 688 1203 parvisque
715 1160 862 1192 maculis
890 1159 1244 1193 obscuro-brunneis
1273 1159 1464 1202 adspersae
1491 1163 1586 1200 sunt,
1614 1170 1723 1202 quae,
1752 1159 1950 1191 accuratius
1978 1160 2195 1200 examinata,
2224 1170 2342 1193 verru-

134 1227 234 1259 culae
262 1237 340 1258 esse
368 1226 542 1259 videntur.
597 1226 734 1259 Similia
761 1231 891 1270 puncta
918 1231 951 1259 et
978 1227 1139 1259 maculae
1175 1237 1308 1270 parvae
1335 1237 1397 1269 per
1424 1229 1534 1259 totam
1569 1226 1790 1269 superficiem
1817 1236 2005 1269 supernam
2031 1226 2159 1269 pedum
2185 1227 2342 1260 dissemi-

134 1297 217 1326 nata
243 1296 334 1326 sunt.
388 1291 507 1326 Cubiti
535 1297 570 1325 et
595 1305 713 1337 genua
739 1295 866 1327 albent.

284 1360 363 1393 Hac
390 1360 624 1403 descriptione
652 1372 730 1395 cum
768 1361 885 1404 Hyla
918 1362 1056 1394 rubra
1090 1364 1125 1394 et
1159 1361 1384 1405 squirella
1418 1361 1565 1401 collata,
1609 1364 1755 1403 apparet
1780 1360 1939 1404 quidem,
1981 1364 2140 1392 nostrum
2167 1361 2341 1403 specimen

134 1429 343 1475 quibusdam
377 1428 469 1460 notis
503 1439 582 1460 cum
615 1427 700 1469 hac,
744 1429 953 1472 quibusdam
988 1432 1106 1461 autem
1141 1439 1220 1461 eum
1256 1428 1334 1469 illa,
1377 1428 1502 1460 melius
1538 1439 1753 1471 congrum-1¹3
1797 1431 2027 1460 veruntamen
2062 1427 2106 1459 ad
2142 1428 2343 1471 squiri-llam

133 1496 239 1541 paulo
267 1495 410 1539 propius
438 1495 608 1528 accedere
636 1495 785 1528 videtur.
838 1496 913 1529 Alii
940 1497 1062 1529 forsan
1099 1507 1118 1528 e
1152 1495 1220 1528 hac
1256 1495 1520 1538 comparatione
1555 1495 1738 1538 colligent,
1773 1495 1915 1527 rubram
1951 1498 1983 1526 et
2018 1494 2238 1537 squirellam,
2267 1506 2343 1538 spe-

135 1564 261 1597 cimine
287 1565 408 1595 nostro
436 1563 663 1603 intermedio,
704 1563 738 1595 in
766 1574 871 1595 unam
899 1564 1117 1606 eandemque
1151 1562 1306 1605 speeiem
1343 1562 1608 1606 conjungendas
1635 1563 1733 1603 fore,
1776 1562 1868 1605 quod
1896 1561 1974 1593 aliis
2009 1562 2052 1594 ad
2081 1562 2344 1603 dijudicandum

135 1630 334 1670 committo,
364 1629 489 1672 quibus
515 1629 776 1662 individuorum
803 1630 909 1672 hujus
936 1630 1067 1673 speciei
1096 1630 1234 1673 copiam
1260 1629 1433 1672 majorem
1461 1629 1686 1663 examinandi
1715 1628 1957 1671 opportunitas
1985 1639 2023 1660 se
2051 1628 2184 1661 offeret.
2220 1627 2343 1661 Cala-

134 1698 240 1732 mita
280 1697 511 1730 fasciatus
547 1696 801 1738 SanEmERl,
842 1708 947 1741 quem
973 1696 1142 1730 MERREM
1175 1696 1431 1740 interrogative
1459 1697 1504 1729 ad
1531 1696 1733 1740 squirellam
1761 1695 1900 1735 citavit,
1945 1695 2057 1739 magis
2093 1695 2207 1728 adhuc
2242 1707 2346 1740 quam

133 1766 261 1806 rubra,
304 1764 423 1797 colore
450 1767 485 1796 et
510 1764 666 1806 pictura,
711 1764 836 1797 differt.
896 1762 1027 1797 Omnia
1061 1764 1196 1808 reliqua
1230 1764 1384 1808 allegata
1418 1767 1553 1804 autem,
1597 1774 1617 1796 a
1644 1761 1852 1796 MERREMIO
1887 1762 1931 1795 ad
1959 1760 2169 1795 Calamitam
2202 1763 2345 1796 rubrum

134 1832 297 1872 laudata,
342 1834 483 1874 praeter
515 1831 636 1863 icones
673 1830 959 1873 DAUD1N1ANAS,
998 1831 1113 1864 dubiis
1149 1831 1318 1875 gravibus
1357 1830 1514 1864 obnoxia
1556 1834 1656 1871 sunt,
1700 1841 1780 1862 cum
1814 1829 2067 1872 descriptiones
2101 1829 2246 1862 nimium
2281 1830 2344 1862 cir-

136 1899 386 1942 cumscriptae,
429 1898 550 1930 icones
585 1897 760 1930 SEBANAE
796 1901 914 1930 autem
947 1909 1058 1941 prave
1094 1898 1274 1931 exhibitae
1309 1898 1378 1931 sint
1416 1917 1464 1921 —
1508 1896 1549 1930 Si
1583 1896 1700 1940 Hyla
1733 1896 1978 1940 squirella,
2021 1907 2125 1939 quam
2158 1895 2345 1938 LECONTE,

135 1967 170 1999 in
205 1966 299 1999 Ann.
336 1965 377 1998 of
407 1964 465 1997 the
491 1964 579 2007 Lyc.
616 1965 657 1997 of
686 1962 982 2006 Ncw-Yorkl,
1024 1976 1056 2008 p.
1083 1965 1174 2006 278,
1218 1965 1403 2008 descripsit
1440 1967 1495 2007 (v.
1523 1964 1643 1998 BULL.
1679 1964 1712 1997 d.
1741 1962 1801 1997 Sc.
1828 1966 1899 1996 nat.
1926 1962 1998 2004 VI,
2042 1974 2074 2007 p.
2101 1961 2214 2005 431),
2268 1975 2347 1997 cum

138 2037 259 2067 nostra
294 2033 418 2065 eadem
453 2032 590 2075 species
617 2035 689 2072 est,
734 2032 863 2065 animal
897 2032 1038 2073 vivum,
1081 2033 1201 2065 colore
1236 2035 1270 2065 et
1303 2031 1468 2075 picturis,
1520 2042 1541 2064 a
1574 2034 1713 2064 mortuo
1749 2033 1783 2063 et
1815 2030 1851 2063 111
1884 2029 2009 2073 spiritu
2050 2029 2123 2062 vini
2164 2034 2347 2064 asservato

138 2101 223 2136 satis
253 2100 411 2133 discedit.

287 2166 459 2210 Superest
486 2165 618 2207 adhuc,
647 2166 691 2199 de
718 2165 812 2209 Hyla
838 2166 989 2210 quadam
1012 2165 1146 2198 minuta
1172 2165 1284 2198 nostri
1310 2164 1441 2206 musei,
1469 2175 1573 2208 qnam
1601 2175 1664 2207 pro
1692 2163 1945 2207 specimine
1971 2162 2162 2196 nondum
2190 2164 2346 2197 adulto

137 2236 242 2279 hujus
269 2234 401 2277 speciei
426 2233 560 2274 habeO,
597 2234 772 2266 rationem
799 2234 967 2274 reddere,
1010 2233 1112 2265 icone
1139 2233 1216 2275 ejus
1245 2232 1402 2265 exhibita
1429 2231 1464 2264 iu
1491 2232 1560 2264 tab.
1579 2229 1633 2264 vl
1660 2230 1737 2274 Fig.
1762 2229 1791 2264 I.
1847 2230 2008 2263 Forma
2042 2233 2076 2262 et
2109 2231 2346 2273 proportio

137 2303 295 2347 corporis
323 2301 469 2344 ejusque
504 2300 655 2343 partium
689 2301 780 2333 sicut
806 2301 841 2332 111
869 2299 914 2333 H.
952 2300 1141 2343 squirella;
1183 2299 1357 2342 parvitate
1385 2302 1503 2331 autem
1530 2302 1564 2330 et
1591 2298 1728 2339 colore,
1769 2308 1835 2329 nec
1861 2308 1931 2329 non
1959 2296 2077 2340 digitis
2103 2297 2208 2339 paulo
2236 2298 2349 2341 graei-

138 2371 282 2404 lioribus
310 2368 468 2401 discedit.
530 2366 815 2411 Longitudo,
858 2379 879 2399 a
906 2367 1051 2399 naribus
1085 2367 1166 2399 inde
1194 2367 1239 2399 ad
1267 2377 1390 2407 anum,
1439 2364 1706 2406 iolinear1nn3
1746 2363 1914 2405 latitudo,
1951 2367 2031 2396 ante
2066 2364 2173 2407 pedes
2201 2364 2346 2406 anticos,

139 2438 161 2472 3
178 2438 289 2471 lineas
316 2436 420 2479 paulo
450 2435 600 2467 excedit.
670 2433 830 2475 Color,
866 2434 959 2466 infra
986 2434 1146 2475 albidus,
1181 2444 1288 2476 supra
1315 2433 1453 2465 albidus
1482 2443 1561 2464 cum
1588 2430 1923 2474 pallide-ochraeeo
1957 2441 2022 2463 seu
2048 2430 2180 2463 silaceo
2206 2431 2348 2465 mixtus.

140 2505 170 2538 A
201 2503 339 2547 singula
373 2513 458 2534 nare
494 2502 581 2534 vitta
617 2501 823 2545 ferruginea
858 2512 921 2544 per
958 2501 1118 2542 oculum,
1160 2504 1365 2543 tympanum
1399 2503 1433 2532 et
1466 2499 1558 2531 latus
1592 2498 1750 2541 corporis
1787 2497 1962 2539 excurrit,
2005 2498 2041 2530 in
2075 2497 2348 2540 hypoehondriis

141 2581 355 2605 evanescens
384 2573 415 2601 et
445 2569 479 2601 in
505 2572 634 2611 puncta
661 2580 698 2601 se
727 2568 946 2609 dissolvens3
988 2566 1094 2600 dorso
1121 2567 1230 2599 vittae
1258 2567 1368 2607 duae,
1403 2566 1542 2609 singula
1570 2576 1590 2597 a
1616 2565 1755 2608 singulo
1784 2565 1887 2597 oculo
1915 2568 2010 2605 orta,
2047 2564 2262 2608 paralleliter
2289 2566 2346 2598 de-

141 2641 300 2677 currunt,
342 2647 467 2668 versus
494 2636 632 2668 femora
658 2635 692 2666 in
720 2635 877 2667 maculas
911 2634 1126 2677 irregulares
1162 2634 1365 2666 dissolutae.
1419 2632 1580 2675 Spatium
1608 2631 1698 2664 inter
1724 2631 1847 2664 vittam
1872 2632 2055 2664 lateralem
2082 2632 2346 2675 proximamque

141 2705 316 2739 dorsalem
343 2703 498 2735 albidum
526 2705 596 2742 est,
634 2702 757 2734 vittam
785 2701 969 2734 lateralem
997 2701 1150 2733 albidam
1177 2700 1360 2733 exhibens.
1413 2698 1504 2732 Pars
1531 2709 1658 2741 supera
1686 2698 1815 2741 pedum
1848 2699 1985 2741 punctis
2019 2698 2234 2741 maculisque
2260 2698 2344 2730 irre-

141 2772 322 2817 gularibus
351 2769 530 2802 ochraceis
558 2768 742 2812 variegata
769 2772 832 2809 est,
871 2768 996 2801 cubitis
1031 2768 1249 2812 genibusque
1285 2766 1492 2800 albentibus.
1546 2764 1703 2798 Dorsum
1730 2768 1763 2797 et
1790 2765 1903 2797 latera
1929 2776 1951 2797 v
1963 2775 2062 2797 erru
2074 2764 2187 2796 culis
2214 2765 2345 2807 sparsis

142 2837 403 2873 subscabricula
432 2839 530 2873 sunt,
566 2836 654 2868 sieut
682 2835 717 2867 111
745 2835 859 2878 llyla
885 2836 1069 2876 boante,
1105 2835 1205 2877 cujus
1232 2835 1365 2877 pullum
1400 2833 1490 2866 hanc
1517 2832 1648 2875 Hylam
1683 2843 1761 2865 esse
1796 2832 2043 2872 credidissem,
2085 2830 2151 2863 nisi
2188 2831 2345 2874 eorporis

143 2906 338 2950 exiguitas.
375 2907 478 2946 eaput
506 2902 618 2945 magis
646 2906 806 2939 acutum.
841 2902 957 2934 forma
985 2902 1200 2945 picturarum
1228 2901 1434 2940 discedens,
1470 2900 1616 2932 renixae
1645 2903 1772 2931 essent.
1834 2898 1898 2931 llis
1927 2897 2088 2930 omnibns
2116 2902 2232 2930 autem
2267 2910 2345 2931 cum

143 2974 187 3007 H.
216 2971 383 3017 squirella
418 2969 598 3013 congruit.
643 2969 675 3000 in
710 2980 779 3011 qua
806 2980 896 3001 nune
932 2969 1037 3001 etiam
1072 2968 1204 3001 similes
1232 2967 1456 3000 verruculas.
1501 2977 1542 2998 ac
1570 2966 1603 2997 in
1638 2965 1705 2997 hoe
1740 2965 1853 3007 pullo,
1898 2964 2088 3007 conspicio.
2149 2963 2284 2997 Venter
2311 2969 2343 2997 et

142 3042 316 3074 femorum
352 3049 432 3081 pars
468 3037 597 3069 infera.
646 3047 757 3079 aeque
792 3046 832 3067 ac
861 3037 895 3068 in
924 3036 968 3068 ll.
997 3035 1181 3079 squirella.
1219 3034 1376 3078 granulis
1406 3032 1522 3076 parvis
1551 3031 1724 3073 contiguis
1751 3031 1854 3063 obsiti
1881 3034 1962 3063 sunt
1987 3051 2034 3055 —
2074 3030 2138 3064 De
2166 3031 2280 3064 Srix
2308 3032 2342 3064 in

144 3109 212 3140 tab.
230 3106 302 3147 Vl,
340 3106 415 3148 Fig.
440 3103 491 3136 lv
528 3102 655 3145 llylam
686 3102 810 3134 edidit.
850 3104 914 3134 sub
943 3103 1083 3135 nomine
1120 3101 1164 3134 ll.
1193 3100 1534 3142 interisti-igue.
1571 3102 1712 3130 nostrae
1739 3098 1928 3141 squirellae
1960 3098 2093 3140 juniori
2121 3098 2343 3140 simillimam3

144 3174 260 3215 digitis
289 3173 449 3205 omnibus
477 3175 592 3203 autem
625 3170 727 3211 paulo
757 3169 993 3209 longioribus.
1039 3169 1180 3211 posticis
1208 3168 1288 3200 totis
1323 3167 1432 3200 fissis.
1474 3165 1681 3198 distinctam.

206 3576 286 3599 61111
301 3580 438 3598 rx'nonsr
468 3571 609 3603 Rvptilia.
1716 3566 1739 3599 8
