2632 3890
1092 171 1176 205 ΙΙΙ.
1228 171 1399 206 EMYS.
2286 177 2344 219 15

150 277 260 318 tibus,
312 279 472 323 margine
506 282 652 313 externo
687 279 915 312 scutellorum
940 280 1188 324 marginalium
1215 281 1328 322 ssavo,
1389 281 1497 314 scutis
1525 280 1648 324 capitis
1675 281 2005 327 fusco-punctatis3
2056 284 2194 318 inferne
2220 286 2347 328 flavus,

150 348 268 377 sterno
295 345 617 386 fusco-nebuloso,
646 347 776 379 suturis
804 347 1033 380 scutellorum
1058 347 1305 390 marginalium
1330 347 1452 381 fuscis.

298 412 523 445 Individuum
550 413 699 445 alterum
725 413 859 455 minus,
887 419 987 447 scuto
1016 414 1148 446 dorsali
1173 414 1287 456 magis
1315 414 1410 446 ovali
1438 417 1538 456 (cum
1564 414 1632 447 hoc
1659 419 1796 447 scutum
1824 415 1911 448 alias
1938 417 2128 451 individuis
2151 419 2351 461 junioribus

150 478 263 522 magis
291 480 522 512 orbiculatum
549 490 653 523 quam
679 480 871 513 individuis
899 481 1131 513 adultioribus
1160 480 1320 522 ejusdem
1346 481 1478 523 speciei
1506 493 1584 515 esse
1611 482 1745 524 soleat)
1774 482 1992 526 longitudine
2022 484 2084 525 12,
2119 486 2302 520 latitudine
2329 488 2352 520 9

149 545 340 588 linearum,
391 546 557 579 umbilico
584 547 741 580 nondum
767 548 906 591 penitus
934 548 1073 587 clauso,
1127 558 1206 579 cum
1233 547 1368 589 majore
1396 547 1571 590 descripto
1600 549 1750 582 caeteris
1778 550 1952 582 convenit.
2013 550 2171 584 Scutella
2198 554 2353 588 dorsalia

150 616 286 654 autem,
329 616 403 645 tota
431 613 743 656 olivaceo-fusca,
785 615 912 649 fusco·
921 618 1106 657 punctata,
1149 617 1293 658 totaque
1321 614 1466 654 scabra,
1502 614 1711 649 intermedia
1738 617 1957 660 longitudine
1982 617 2059 650 fere
2086 618 2188 662 triplo
2215 620 2353 663 latiora,

150 679 290 713 omniuo
318 680 411 715 areis
437 680 562 713 mediis
589 682 817 714 scutellorum
844 681 1018 714 indivitlui
1044 681 1190 724 majoris
1217 681 1443 724 respondent.

297 745 429 790 Emys
463 748 651 791 galeata
691 746 889 781 MERREMH
924 752 959 781 et,
994 747 1200 781 Testudo
1237 749 1425 792 galeata
1459 747 1683 781 SFHOEPFFH
1719 750 1848 792 optime
1876 762 1955 784 cum
1981 754 2103 784 nostra
2129 752 2247 795 specie
2275 765 2355 787 con-

148 817 289 857 gruunt.
344 813 565 848 Lnnmrrss
593 819 698 858 caput
723 826 876 858 superne
904 815 1026 849 albens
1060 815 1263 858 descripsit,
1297 815 1397 848 nulla
1421 814 1599 849 mentione
1626 814 1721 848 facta
1747 820 1967 859 punctorum.
2020 816 2254 853 DAUDIMI
2283 821 2355 854 ani-

146 881 217 913 mal
248 880 365 913 differt
391 882 547 914 scutellis
575 881 684 914 sterni
712 881 768 914 12.

297 946 458 980 Testudo
487 944 664 980 Gssoxov:
693 947 868 991 Zoophyl.
895 947 934 990 Ι,
962 959 994 993 p.
1025 948 1090 989 16,
1125 947 1194 981 No.
1222 947 1291 990 73,
1319 959 1424 992 quam
1450 947 1618 982 MERREM
1646 948 1900 992 interrogative
1927 951 1971 983 ad
1997 951 2089 985 hanc
2115 953 2269 996 speciem
2295 956 2355 988 ad-

146 1013 262 1055 hibet,
305 1013 421 1047 differt
447 1014 561 1057 capite
587 1025 739 1058 superne
767 1015 921 1057 calloso,
964 1018 1084 1048 sterno
1112 1015 1248 1059 postice
1274 1014 1400 1058 bifido,
1437 1016 1566 1059 plantis
1593 1016 1976 1061 quadi-iunguiculatis,
2018 1019 2203 1064 potiusque
2230 1023 2275 1055 ad
2300 1034 2354 1056 se-

146 1085 309 1125 quentem
335 1082 356 1114 b
367 1092 388 1114 a
396 1093 414 1114 r
422 1081 443 1114 b
453 1092 474 1113 a
484 1084 495 1113 t
505 1092 528 1114 u
537 1081 548 1114 l
558 1092 577 1114 a
587 1093 622 1114 m
648 1082 808 1126 quadrat.

294 1148 330 1181 A
357 1148 533 1181 nonnullis
562 1149 765 1182 auctoribus
799 1152 922 1182 nostra
948 1149 1086 1192 species
1115 1150 1264 1182 confusa
1292 1153 1345 1183 est
1373 1161 1452 1183 cum
1480 1149 1739 1183 Testudine
1773 1151 1938 1184 scabra
1963 1150 2098 1185 Lixxizi
2135 1154 2196 1192 (la
2222 1157 2352 1189 rabo-

146 1218 276 1248 teuse.
315 1215 570 1257 LACEPEnEi),
626 1219 660 1248 et
686 1227 766 1249 cum
793 1215 1050 1249 Testudine
1084 1227 1334 1250 verrucosa
1360 1216 1611 1250 WVALBAL‘MH.
1665 1216 1722 1251 De
1750 1218 1915 1251 scabra
1942 1222 2059 1252 autem
2086 1221 2202 1254 nullus
2230 1227 2354 1257 auctor

145 1282 278 1323 adfert,
323 1293 401 1315 eain
427 1282 552 1316 cirrhis
580 1283 717 1316 duobus
745 1283 950 1317 instructam
986 1294 1076 1317 esse.
1154 1282 1357 1316 LACEPEDE
1387 1284 1532 1327 insuper
1558 1284 1646 1317 duas
1674 1284 1811 1327 species
1839 1285 2043 1319 confudisse
2070 1287 2226 1330 videtur,
2270 1290 2353 1323 dicit

146 1349 257 1392 enim,
285 1349 422 1392 plantas
451 1361 530 1384 esse
557 1350 950 1395 quadrianguiculatas,
978 1351 1207 1384 nihilominus
1233 1351 1357 1384 laudat
1383 1351 1507 1384 SEBAE
1535 1350 1572 1393 I,
1608 1351 1701 1385 Tab.
1730 1352 1796 1393 79,
1825 1351 1902 1396 Fig.
1932 1352 1951 1385 1
1971 1356 2005 1385 et
2022 1352 2063 1394 2,
2099 1365 2188 1397 quac
2214 1356 2353 1399 plantas

143 1416 274 1450 habent
300 1417 717 1461 quinqueunguieulatas,
761 1418 1057 1462 quemadmodum
1085 1429 1225 1462 quoque
1251 1419 1288 1450 in
1314 1418 1392 1462 ipsa
1423 1418 1702 1452 LACEPEDEANA
1732 1418 1832 1451 icone
1859 1419 2001 1462 plantae
2028 1420 2351 1466 quinqueunguicu-

143 1484 236 1517 latae
264 1484 537 1527 conspiciuntur.
580 1484 841 1518 Verrucosa
858 1485 1097 1518 VVALBAUMH
1126 1485 1243 1518 differt
1270 1497 1291 1518 a
1317 1489 1439 1518 nostra
1466 1486 1652 1529 galeata
1661 1511 1670 1527 ,
1699 1489 1884 1529 praeterea
1911 1487 2007 1530 quod
2033 1487 2231 1522 cirrhorum
2256 1491 2354 1524 nulla

143 1550 204 1585 fiat
229 1551 378 1592 mentio,
407 1551 534 1594 plantis
562 1552 945 1596 quadriunguiculatis,
974 1553 1131 1586 scutellis
1157 1553 1412 1597 marginalibus
1439 1551 1505 1594 25,
1534 1553 1654 1586 colore.
1681 1556 1746 1586 etc.
1774 1572 1823 1577 —-
1874 1551 1933 1587 De
1960 1555 2171 1589 confusione
2197 1558 2352 1601 galea-

145 1622 218 1651 tae
245 1618 439 1651 scabrae
466 1629 748 1652 verrucosae
776 1623 811 1652 et
837 1620 1024 1653 testudinis
1053 1618 1242 1653 Gnoxovll
1270 1619 1338 1662 73,
1375 1620 1541 1654 conferas
1577 1619 1864 1662 SCHOEPFFlUM,
1891 1620 1914 1654 l.
1943 1632 1972 1655 c.
2007 1624 2043 1654 et
2076 1621 2351 1658 SCHM-:IDERUM

143 1685 180 1719 in
205 1684 440 1730 Naturgesch.
470 1685 502 1720 d.
531 1685 712 1720 Schildkr.
740 1698 772 1731 p.
801 1685 876 1721 324
902 1707 949 1711 —
977 1686 1062 1722 327.

718 2031 761 2075 5.
846 2033 894 2074 E.
968 2033 1566 2075 BARBATULA
1633 2045 1782 2075 N.s1‘.

220 2157 354 2193 Cir-rho
379 2159 561 2207 utrinque
587 2156 655 2193 sub
681 2158 850 2193 maxilla
875 2156 1078 2204 inferiore,
1119 2158 1289 2192 scutellis
1315 2155 1600 2205 vucrginaIIbus
1626 2157 1694 2199 24,
1733 2158 1878 2204 palmis
1906 2157 1927 2192 5
1945 2179 1958 2185 -
1986 2160 2273 2207 megm'eulate's,

443 2218 594 2265 plausis
619 2217 644 2252 4
659 2238 672 2244 -
689 2217 977 2265 vuguieuluttk,
1011 2222 1139 2251 sterno
1160 2217 1308 2264 postico
1335 2214 1450 2264 bq'fitlo
1490 2217 1604 2261 (Tab.
1633 2216 1686 2259 V,
1723 2217 1752 2251 F
1756 2218 1803 2262 ig.
1830 2217 1909 2259 III,
1936 2217 2025 2261 IV).

290 2360 357 2395 His
392 2360 655 2395 characteribus
689 2360 779 2394 haec
812 2371 907 2393 nova
934 2359 1071 2404 species
1100 2361 1143 2393 ab
1172 2361 1334 2393 omnibus
1362 2360 1506 2404 reliquis
1532 2358 1729 2403 Emydibus
1755 2360 1957 2393 bicirrhatis
1984 2364 2041 2394 sat
2066 2362 2157 2395 bene
2183 2363 2352 2407 distingui

141 2432 275 2473 potest,
327 2440 410 2462 nam
450 2427 492 2462 E.
529 2429 751 2472 depressa
783 2426 910 2461 MERR.
954 2428 1197 2471 planiceps
1231 2426 1358 2460 MERR.
1400 2431 1566 2459 nasuta
1601 2426 1820 2461 SCHWEIGG.
1865 2428 2048 2471 rufipes
2092 2433 2127 2462 et
2161 2434 2351 2474 stenops

142 2495 265 2530 Srlxn
293 2496 449 2529 scutellis
476 2496 731 2539 111argi11alibus
759 2494 826 2536 25,
854 2494 894 2528 E.
911 2495 1099 2538 galeata
1122 2493 1249 2528 MERR.
1278 2499 1396 2527 autem
1424 2495 1572 2537 pedibus
1601 2495 1763 2527 omnibus
1791 2495 2203 2539 quinqueunguiculatis,
2231 2501 2350 2530 sterno

141 2563 275 2606 postice
302 2566 463 2596 truncato
481 2567 544 2595 etc.
574 2562 748 2595 differunt.
801 2561 929 2595 leones
957 2561 1221 2594 accuratissime
1249 2562 1446 2594 delineatae
1475 2565 1508 2593 et
1535 2561 1713 2604 sculptae,
1749 2563 2029 2605 magnitudinem
2056 2564 2253 2596 naturalem
2278 2565 2350 2597 for-

140 2640 302 2673 mamque.
329 2629 435 2662 totius
463 2629 620 2672 corporis
649 2633 683 2661 et
709 2628 861 2672 partium
889 2628 966 2671 ejus
994 2628 1215 2672 singularum
1242 2629 1372 2671 optime
1401 2628 1629 2668 exhibentes,
1684 2628 1922 2671 descriptione
1948 2629 2083 2662 fusiore
2110 2629 2206 2662 haud
2233 2634 2348 2674 egent.

142 2695 281 2729 Color
307 2696 418 2729 nostri
445 2696 665 2739 speciminis,
719 2697 754 2729 in
782 2695 907 2738 spiritu
933 2695 1007 2727 vini
1034 2695 1208 2728 asservati
1236 2700 1269 2727 et
1296 2695 1372 2727 sine
1400 2695 1507 2727 dubio
1535 2695 1640 2727 valde
1669 2695 1864 2736 decoloris,
1919 2696 2026 2729 dilute
2053 2696 2349 2730 luridobrunneus

142 2767 214 2806 est3
241 2763 397 2796 scutellis
425 2763 643 2804 dorsalibus,
671 2762 811 2795 macula
837 2763 976 2795 laterali
1003 2763 1233 2795 scutellorum
1259 2762 1508 2806 marginalium
1535 2761 1751 2803 mediorum,
1786 2762 1964 2805 limboque
1991 2763 2118 2803 sterni,
2154 2763 2348 2796 sordideal-

140 2830 242 2864 bidis.
321 2829 480 2862 Scutella
506 2830 680 2870 dorsalia,
716 2829 886 2873 imprimis
913 2830 1091 2871 lateralia,
1128 2841 1193 2862 nec
1221 2841 1290 2861 non
1318 2829 1566 2873 marginalium
1594 2829 1729 2871 antica,
1765 2829 2028 2862 verruculis
2055 2829 2241 2863 minutis
2268 2841 2349 2863 acu-

140 2897 301 2931 tiusculis
330 2907 458 2939 aspera
484 2900 575 2929 sunt.
628 2894 828 2939 Epidermis
857 2897 1085 2929 scutellorum
1113 2896 1307 2929 dorsalium
1333 2895 1505 2939 rugulosa
1532 2899 1596 2928 est.

289 2963 350 2996 Ad
377 2963 468 2995 hanc
495 2963 650 3006 speciem
676 2963 793 2996 refero
822 2962 1058 2996 Testudinem
1087 2960 1275 2996 Gssoxox‘u
1303 2961 1479 3005 Zoophyl.
1507 2960 1537 2994 I.
1566 2973 1646 3006 pag.
1669 2961 1733 3003 16,
1770 2960 1839 2995 No.
1868 2960 1936 3003 73,
1971 2972 2076 3005 quam
2102 2959 2271 2996 MERREM
2297 2963 2348 2997 in-

140 3031 358 3075 terrogative
384 3030 429 3063 ad
455 3028 664 3072 Emydem
691 3029 918 3073 galeatam
945 3030 1121 3071 adhibuit,
1175 3040 1197 3062 a
1223 3040 1290 3073 qua
1319 3040 1405 3061 vero
1433 3028 1518 3061 satis
1546 3028 1673 3061 differt.
1753 3025 1958 3061 Gronovius
1985 3028 2239 3073 interrogative
2267 3031 2350 3063 citat

141 3097 263 3131 Test.
300 3097 612 3130 orbicularem
646 3095 801 3138 LINNEI,
837 3108 945 3141 quae,
988 3101 1026 3130 ut
1054 3108 1176 3130 omnes
1203 3097 1352 3136 scimus,
1396 3096 1502 3139 longe
1529 3095 1671 3128 diversa
1698 3095 1835 3138 species
1863 3098 1927 3128 est.
1981 3093 2073 3129 Cum
2099 3100 2218 3130 autem
2243 3096 2349 3130 cirrhi

139 3165 343 3198 maxillares
370 3164 534 3208 perparvi
562 3163 667 3197 facile
695 3164 835 3197 oculum
860 3164 987 3208 fugere
1014 3165 1169 3208 possint,
1197 3164 1320 3197 forsan
1348 3163 1436 3196 haec
1453 3162 1592 3206 species
1614 3162 1690 3205 jam
1716 3163 1761 3195 ab
1789 3162 1859 3195 alio
1884 3166 2048 3205 auctore,
2075 3163 2239 3208 neglecto
2266 3163 2346 3197 cha-

140 3234 276 3265 ractere
304 3242 325 3263 a
351 3231 475 3265 cirrhis
503 3232 684 3271 destunto,
714 3230 891 3274 descripta
918 3242 997 3264 esse.
1024 3235 1150 3275 potest.

289 3297 516 3333 Individuum
542 3302 703 3332 nostrum
726 3300 831 3330 antea
853 3308 1016 3332 museum
1040 3298 1283 3332 LAMPEANUM
1309 3298 1468 3331 ornabat.
