2534 3890
927 242 1172 278 PARTES
1216 242 1546 278 INTERNAE.
2283 247 2347 289 99

132 348 280 392 Icones,
308 362 397 396 quas
423 349 634 385 Fannium
661 351 705 383 de
732 351 903 385 testiculis
921 352 1179 386 Salamandrae
1205 352 1408 386 maculosae
1434 352 1543 387 maris
1570 351 1741 393 exhibuit,
1768 364 1834 387 nec
1859 365 1930 387 non
1946 354 2076 397 omnia,
2104 366 2197 400 quae
2224 360 2348 390 auctor

131 417 296 452 laudatus
323 419 367 452 de
393 419 490 453 vasis
517 418 730 452 semiuiferis
757 430 949 464 eorumque
975 432 1072 454 nexu
1098 431 1179 454 cum
1205 420 1376 453 testiculis
1403 420 1530 463 edidit,
1557 430 1684 463 parum
1710 431 1789 452 eum
1815 422 1903 454 meis
1930 422 2239 456 observationibus
2267 435 2348 457 con-

132 485 296 529 veniunt3
335 486 423 519 mire
451 489 570 519 autem
597 486 750 519 testiculi
777 490 929 531 quatuor
956 490 991 520 et
1018 488 1144 520 ductus
1171 486 1384 529 seminiferi,
1427 499 1516 531 quos
1544 490 1667 521 auctor
1692 486 1728 520 in
1755 487 1906 529 femina,
1948 499 2041 531 pone
2069 490 2212 532 ovaria,
2248 502 2348 535 repe-

131 551 234 585 riisse
261 553 450 594 contendit,
477 553 587 586 multo
616 554 816 587 accuratius
843 555 888 587 ad
916 554 1060 587 easdem
1086 557 1206 598 partes
1232 554 1416 598 quadrant,
1444 555 1566 598 quales
1593 555 1629 587 in
1656 554 1814 587 maribus
1842 554 2034 588 observavi
2060 560 2094 589 et
2121 557 2156 589 in
2183 557 2297 601 figura
2315 556 2349 591 V

131 619 289 653 exhibui.
339 618 552 653 PERRAULT
578 620 807 665 ligamentum
834 618 877 663 ζ,
912 621 948 653 in
974 621 1056 654 fieta
1082 621 1235 662 femina,
1270 632 1333 665 pro
1361 632 1448 653 vase
1475 621 1677 663 deferente,
1712 622 1748 654 in
1774 632 1871 654 mare.
1899 624 2018 654 autem
2045 634 2107 666 pro
2134 635 2220 657 vase
2247 635 2349 668 prae-

129 690 277 729 parante
303 686 428 729 habet,
472 698 563 720 vasa
589 699 605 722 ε
634 693 668 721 et
693 687 721 722 Β
758 692 877 721 antem
909 699 973 732 pro
1007 688 1155 722 vasibus
1190 687 1411 732 spermaticis
1445 689 1740 731 praeparantibus
1772 688 1947 730 feminae3
1990 689 2053 721 sed
2086 700 2151 723 vas
2186 691 2350 725 deserens

129 752 305 795 feminae,
349 765 368 787 e
402 754 639 799 descriptione
674 759 709 789 et
741 755 842 789 icone
870 754 1132 797 PERRAULTH,
1176 756 1283 789 etiam
1327 766 1373 788 ex
1407 754 1508 798 apice
1541 755 1681 788 inferno
1718 755 1872 788 testiculi
1905 755 2084 788 inferioris
2119 758 2282 799 provenit
2316 762 2351 792 et

131 819 177 853 ad
212 821 397 855 matricem
429 832 544 867 usque
578 822 743 857 decurrit.
819 822 881 856 Ad
914 822 1005 856 haec
1039 824 1205 857 conseras
1245 826 1404 856 nostram
1446 821 1586 855 iconem
1620 821 1659 855 II
1704 833 1864 866 quaeque
1900 823 1944 855 de
1978 834 2022 856 ea
2056 834 2165 868 supra
2194 824 2268 866 jam
2300 825 2350 857 lo-

130 890 232 921 cutus
273 899 363 922 sum.

278 953 464 999 Penem,
502 967 524 989 a
550 965 601 990 DU
621 955 743 990 FAYlo
771 956 1005 1000 descriptum,
1040 956 1077 989 in
1101 956 1259 990 maribus
1287 955 1606 990 Salamandris
1642 954 1738 988 haud
1763 955 1899 999 reperi,
1940 955 2023 990 licet
2049 968 2130 990 eum
2158 957 2271 991 oculis
2298 961 2349 991 at-

130 1021 335 1056 tentissimis
367 1022 670 1067 investigaverint.
732 1022 795 1057 DU
823 1023 904 1057 FAY
939 1027 1059 1057 autem
1093 1027 1232 1057 narrat:
1278 1023 1315 1057 A
1342 1023 1550 1056 l'extremite
1578 1023 1622 1056 de
1649 1026 1741 1055 cette
1768 1023 1938 1056 insertion
1966 1024 2027 1066 (du
2054 1028 2208 1067 rectum,
2246 1025 2290 1058 de
2317 1025 2354 1059 la

130 1088 266 1131 vessie,
295 1092 330 1123 et
357 1091 420 1123 des
448 1101 589 1124 canaux
616 1090 807 1133 deferents)
837 1094 891 1124 est
917 1102 965 1124 un
992 1102 1096 1135 corps
1124 1091 1403 1134 cartilagineux,
1431 1091 1516 1134 long
1542 1089 1727 1123 d'environ
1755 1090 1852 1123 deux
1876 1090 2009 1134 lignes3
2035 1091 2060 1124 il
2086 1095 2140 1125 est
2166 1103 2210 1125 en
2236 1092 2352 1126 forme

131 1155 176 1188 de
201 1155 323 1199 mitre,
366 1157 452 1190 dont
477 1158 512 1191 la
537 1157 658 1202 pointe
687 1162 739 1192 est
778 1169 823 1191 en
849 1157 954 1200 haut,
999 1161 1035 1191 et
1061 1158 1162 1191 selon
1188 1161 1306 1191 toutes
1340 1158 1392 1190 les
1420 1168 1637 1201 apparenees
1665 1158 1689 1190 il
1716 1157 1803 1190 tient
1838 1157 1909 1190 lieu
1946 1158 1989 1190 de
2015 1158 2057 1191 la
2090 1170 2228 1203 verge
2264 1160 2353 1194 dans

130 1227 187 1255 cet
221 1223 364 1258 animal.
423 1223 665 1267 LATRE1LLE,
710 1225 772 1258 ubi
799 1226 844 1258 de
878 1225 1094 1270 genitalibus
1131 1225 1288 1258 externis
1321 1225 1430 1257 maris
1472 1224 1801 1258 Salamandrae
1843 1229 2152 1259 marmoratae
2195 1229 2353 1269 (nostrae

128 1287 309 1334 Molges
336 1291 537 1335 ignean)
590 1293 681 1337 agit,
716 1295 853 1336 partem
879 1293 1049 1326 describit
1074 1303 1281 1334 carnosam,
1323 1292 1567 1335 deplanatam,
1609 1291 1948 1336 subtr-iangularem,
1994 1291 2094 1336 apice
2120 1294 2350 1337 perforatam,

129 1355 166 1389 in
192 1358 347 1391 cavitate
373 1358 513 1392 interna
539 1360 746 1404 genitalium
784 1362 1016 1393 externorum
1044 1359 1152 1393 maris
1179 1359 1293 1393 sitam.
1346 1358 1450 1393 Licet
1476 1363 1594 1392 autem
1621 1358 1843 1393 LATRE1LLE
1870 1358 1962 1393 hanc
1988 1365 2124 1403 partem
2151 1360 2248 1394 haud
2274 1372 2355 1395 cum

128 1434 220 1467 pene
247 1426 524 1469 comparaverit,
559 1427 623 1460 sed
650 1427 720 1460 alio
746 1427 826 1461 loco
854 1427 1005 1470 dixerit,
1042 1426 1289 1460 Salamandris
1317 1438 1453 1471 organa
1479 1427 1643 1460 sexualia
1668 1426 1764 1460 haud
1791 1426 1840 1459 ita
1866 1430 2069 1460 constructa
2095 1438 2194 1469 esse,
2229 1432 2269 1461 ut
2295 1439 2354 1461 co-

128 1491 249 1535 pulam
281 1493 442 1527 intimam
475 1494 645 1538 perficere
677 1498 826 1539 queant,
867 1494 1020 1539 licetque
1048 1493 1195 1528 Cuvlssn
1231 1495 1454 1538 pronuntiet,
1499 1494 1683 1527 batrachia
1719 1493 1861 1527 omnino
1889 1504 1979 1538 pene
2006 1504 2150 1537 carere3
2200 1498 2356 1529 attamen

126 1568 211 1601 pars
237 1559 306 1593 ista
333 1561 628 1606 subtriangularis
653 1560 796 1606 Molges
822 1565 1061 1595 marmoratae
1095 1561 1196 1606 penis
1233 1561 1410 1606 analogon
1447 1572 1526 1594 esse
1553 1561 1705 1595 videtur.
1758 1560 1920 1594 RATHKE
1949 1561 2073 1604 etiam,
2115 1573 2196 1606 pag.
2216 1561 2284 1604 83,
2320 1566 2356 1595 et

129 1623 278 1669 CARUS,
313 1639 393 1672 pag.
410 1628 503 1671 641,
540 1629 585 1663 de
611 1629 681 1663 hoc
706 1629 907 1663 rudimento
934 1640 999 1663 seu
1034 1632 1224 1673 prototypo
1259 1629 1361 1673 penis
1394 1628 1504 1662 locuti
1530 1632 1621 1662 sunt.
1680 1628 1710 1662 F
1715 1637 1789 1661 ΗΜ(
1816 1628 1910 1662 idem
1942 1629 2139 1662 membrum
2166 1629 2355 1673 descripsit

129 1695 164 1725 et
200 1694 410 1737 delineavit,
455 1696 499 1729 de
539 1696 609 1730 fine
643 1697 720 1740 ejus
756 1700 874 1730 autem
911 1697 1040 1730 dubius
1076 1696 1228 1730 haerere
1263 1696 1416 1730 videtur.
1483 1695 1528 1729 In
1560 1698 1706 1729 nostrae
1743 1696 1885 1729 tabulae
1911 1694 2011 1729 XIII
2043 1696 2101 1740 fig.
2122 1696 2141 1729 Ι
2177 1696 2295 1729 littera
2321 1697 2352 1744 φ

127 1760 327 1795 rudimenta
354 1763 454 1806 penis
482 1763 625 1798 dissecti
651 1764 802 1807 indicat3
847 1775 952 1809 quem
978 1768 1097 1797 tamen
1123 1763 1220 1797 haud
1246 1775 1311 1808 pro
1338 1774 1429 1808 pene
1456 1773 1626 1808 agnosco.
1680 1761 1820 1807 Copula
1845 1774 1933 1797 vera
1958 1763 2048 1797 haec
2075 1763 2241 1797 animalia
2266 1775 2354 1797 nun—

129 1838 236 1871 quam
265 1829 473 1874 junguntur.

279 1895 427 1931 Renes
464 1897 800 1941 Salamandrarum,
842 1901 915 1932 tam
940 1898 1093 1932 marium
1118 1909 1223 1943 quam
1249 1897 1463 1932 feminarum
1491 1898 1577 1941 (tab.
1594 1896 1706 1939 XVI,
1741 1895 1853 1942 fig.I,
1888 1895 1962 1939 IV,
1996 1895 2042 1939 V,
2076 1896 2143 1939 VI,
2180 1898 2251 1931 tab.
2268 1895 2353 1939 XV,

129 1961 187 2006 fig.
204 1962 241 2005 I,
268 1962 318 2005 II,
348 1965 393 1998 ad
420 1965 482 2007 20)
517 1965 667 2007 clavati,
706 1966 752 1999 ad
779 1965 916 2009 spinam
943 1965 1041 1999 dorsi
1067 1966 1144 2007 siti,
1171 1968 1271 2009 parte
1298 1965 1475 1998 crassiore
1504 1965 1580 2007 (20)
1608 1975 1723 2009 usque
1751 1965 1797 1998 ad
1823 1964 2007 2008 regionem
2034 1964 2093 1997 ani
2119 1965 2349 2007 descendunt,

127 2033 228 2073 parte
262 2032 468 2075 angustiore
503 2034 548 2066 ad
582 2032 738 2066 medium
775 2032 973 2066 abdominis
1008 2034 1216 2067 ascendunt.
1270 2031 1446 2066 Conferas
1474 2030 1611 2066 CARUM
1649 2043 1731 2075 pag.
1751 2029 1823 2064 558
1860 2034 1895 2064 et
1920 2030 2139 2064 RATHKEUM
2165 2032 2286 2076 pag.2
2316 2036 2352 2066 et

126 2095 238 2130 47—
255 2097 314 2132 49.
376 2099 583 2134 Secundum
610 2099 829 2133 RATHKEUM
864 2100 1037 2133 orificium
1071 2111 1196 2134 eorum
1231 2100 1306 2133 exit
1339 2100 1376 2132 in
1402 2100 1581 2140 cloacam,
1625 2100 1669 2132 ab
1698 2098 1832 2131 orificio
1859 2097 2003 2132 vesicae
2030 2098 2212 2132 urinariae
2237 2110 2353 2133 remo-

127 2168 211 2199 tum.
264 2165 430 2200 Tabulae
444 2167 519 2202 XV
551 2167 609 2212 fig.
626 2167 666 2201 Π
702 2179 765 2201 eos
793 2167 939 2201 exhibet
966 2179 986 2200 e
1012 2167 1166 2209 femina,
1210 2167 1373 2199 omnibus
1399 2166 1546 2210 reliquis
1573 2166 1770 2199 visceribus
1797 2165 1953 2199 remotis.

277 2232 363 2267 Jam
388 2246 482 2268 nunc
517 2239 674 2279 partes
718 2235 952 2279 genitales
994 2234 1243 2268 femininas
1278 2233 1609 2267 Salamandrae
1653 2232 1915 2265 maculosae
1950 2235 2159 2266 tractemus:
2201 2232 2354 2266 Femina

127 2299 266 2333 inferne
293 2312 357 2345 per
382 2305 493 2335 totam
519 2302 787 2347 longitudinem,
815 2302 873 2335 die
900 2302 921 2335 3
939 2299 1118 2343 Octobris,
1147 2304 1290 2345 aperta,
1318 2304 1439 2344 partes
1458 2300 1619 2333 internae
1647 2299 1956 2343 conspiciebantur
1978 2299 2070 2333 sicut
2096 2300 2239 2333 tabulae
2254 2299 2356 2334 XIII

129 2366 279 2410 figuraI
315 2380 376 2402 eas
410 2369 564 2403 exhibet.
624 2369 668 2403 In
702 2370 813 2403 fundo
849 2369 1067 2410 abdominis,
1109 2368 1255 2413 reliquis
1288 2367 1488 2401 visceribus
1522 2367 1748 2408 incumbens,
1793 2366 1969 2411 utrimque
2002 2370 2160 2400 uterus
2199 2366 2272 2409 (18.
2292 2366 2352 2410 18)

129 2435 356 2478 ascendebat,
385 2439 420 2470 et
443 2437 520 2470 fere
541 2436 577 2469 in
603 2437 722 2470 medio
749 2436 947 2471 abdominis
974 2436 1283 2469 retroflectebatur
1310 2435 1418 2478 (conf.
1447 2434 1475 2467 F
1480 2444 1583 2467 UNKH
1612 2435 1682 2468 tab.
1699 2433 1738 2475 I,
1766 2433 1823 2478 fig.
1841 2433 1891 2476 3).
1943 2432 2061 2467 Etiam
2087 2434 2244 2467 maxima
2270 2445 2354 2478 pars

130 2503 281 2535 ovarii
314 2503 497 2537 sinistri
525 2504 601 2547 (16)
628 2503 664 2537 in
691 2507 919 2548 conspectum
945 2504 1111 2547 prodibat
1135 2523 1184 2527 ——
1224 2503 1373 2544 Uteri,
1411 2502 1505 2546 quod
1533 2512 1685 2534 examen
1713 2512 1855 2542 eorum,
1883 2504 2009 2544 postea
2035 2500 2252 2542 institutum,
2279 2512 2352 2534 ma-

130 2569 341 2613 nifestabat,
383 2571 419 2604 in
445 2572 560 2605 stadio
596 2571 752 2605 maximo
779 2571 1002 2615 graviditatis
1039 2573 1157 2612 erant,
1200 2570 1368 2603 foetubus
1395 2569 1538 2612 repleti,
1584 2568 1736 2612 indeque
1763 2568 1943 2601 volumine
1980 2568 2050 2601 situ
2077 2572 2112 2601 et
2138 2568 2258 2601 colore
2283 2568 2353 2602 hoc

134 2637 269 2670 enormi
286 2649 336 2671 se
363 2639 607 2672 ostendebant.
659 2637 823 2672 Eundem
850 2638 955 2671 situm
981 2637 1145 2681 idemque
1181 2637 1348 2669 volumen
1382 2635 1473 2668 uteri
1500 2635 1605 2668 etiam
1632 2634 1763 2668 habent
1790 2635 1868 2668 ovis
1895 2636 2062 2677 maturis,
2098 2636 2249 2669 necdum
2276 2636 2352 2668 foe-

135 2705 258 2747 tubus,
301 2705 442 2749 gravidi
476 2706 571 2748 (vide
605 2706 748 2739 tabulae
771 2704 866 2739 XIV
899 2704 1050 2749 figuram
1075 2703 1153 2745 III,
1196 2706 1337 2736 uterum
1370 2702 1544 2744 feminae,
1586 2702 1644 2735 die
1681 2701 1729 2736 23
1756 2701 1857 2735 Junii
1890 2706 2056 2746 apertae,
2100 2702 2350 2744 exhibentem).

133 2770 210 2805 Sed
236 2772 271 2806 in
298 2773 401 2806 tertia
426 2773 579 2815 femina,
621 2772 678 2806 die
704 2772 753 2807 26
770 2772 959 2806 Februarii
986 2775 1107 2815 capta,
1143 2771 1200 2803 die
1228 2769 1250 2803 3
1267 2769 1389 2803 Martii
1416 2773 1560 2813 aperta,
1595 2768 1692 2801 haud
1719 2768 1889 2813 gravida,
1932 2769 2023 2802 uteri
2050 2769 2217 2812 collapsi,
2258 2779 2351 2812 pone

133 2838 273 2873 viscera
299 2840 357 2874 siti
385 2844 420 2874 et
446 2852 466 2874 e
493 2841 699 2874 membrana
725 2839 984 2874 sordide-alba
1019 2838 1162 2872 conssati
1189 2841 1308 2880 erant3
1349 2837 1448 2870 color
1481 2836 1574 2869 enim
1600 2836 1922 2880 nigro-coeruleus
1949 2835 2041 2869 uteri
2076 2835 2188 2869 iconis
2204 2835 2224 2869 l
2251 2837 2351 2869 tabu-

132 2905 190 2939 lae
207 2905 308 2941 XIII
335 2907 429 2942 haud
455 2912 558 2941 utero
585 2908 749 2952 proprius
777 2911 848 2950 est,
877 2909 940 2942 sed
966 2906 1065 2939 color
1092 2909 1146 2939 est
1170 2906 1350 2945 foetuum,
1378 2904 1414 2936 in
1440 2907 1542 2937 utero
1570 2903 1803 2945 inclusorum,
1838 2914 1902 2946 per
1929 2903 2006 2946 ejus
2032 2903 2274 2936 membranam
2300 2905 2351 2936 te—

131 2984 256 3007 neram
283 2978 318 3007 et
344 2975 534 3009 distentam
560 2975 821 3019 pellucentium.
874 2974 1031 3017 Uterque
1060 2976 1202 3013 uterus,
1231 2971 1364 3005 orificio
1392 2970 1600 3012 orbiculari,
1628 2970 1789 3014 margine
1816 2970 1956 3003 clevato
1983 2969 2137 3011 munito,
2164 2969 2201 3002 in
2228 2970 2351 3003 cloaca.

130 3045 229 3085 patet
255 3043 314 3084 (ad
340 3054 367 3075 n
392 3042 528 3086 figurae
547 3042 567 3076 I
600 3043 670 3076 tab.
687 3041 814 3084 XIII).
868 3040 1043 3075 Omnibus
1068 3039 1210 3073 feminis
1238 3042 1374 3079 autem,
1408 3049 1430 3070 a
1456 3049 1512 3070 me
1539 3037 1719 3078 dissectis,
1756 3040 1878 3070 uterus
1913 3036 2056 3070 sinister
2083 3037 2209 3070 dextro
2236 3037 2352 3080 major

133 3112 221 3143 erat.
273 3109 373 3143 Inter
399 3110 598 3151 oviductus,
626 3113 660 3142 et
687 3110 778 3142 inter
803 3108 870 3142 hos
898 3112 932 3141 et
958 3112 1109 3149 uterum,
1137 3118 1203 3140 nec
1229 3117 1300 3139 non
1325 3105 1416 3138 inter
1443 3108 1578 3147 partem
1605 3104 1857 3137 ascendentem
1884 3107 1919 3136 et
1945 3104 2220 3137 descendentem
2245 3103 2348 3145 uteri,

132 3177 337 3210 membrana
366 3179 462 3221 (pars
489 3176 700 3221 peritonaei)
739 3187 897 3219 expansa
925 3178 979 3208 est
1006 3175 1077 3214 (tab
1094 3173 1200 3215 XIV,
1227 3173 1286 3217 fig.
1303 3172 1343 3206 II
1371 3177 1405 3205 et
1431 3171 1506 3212 IV,
1534 3172 1605 3205 tab.
1622 3170 1713 3213 XV,
1748 3170 1807 3215 fig.
1823 3169 1862 3212 I,
1898 3170 1944 3204 ad
1960 3170 2040 3213 19),
2068 3174 2208 3204 uterum
2234 3170 2349 3214 ipsum

134 3243 315 3277 obducens
343 3248 378 3278 et
404 3244 501 3278 vasis
527 3243 743 3288 sanguiferis
771 3245 817 3286 (z)
844 3246 1025 3286 pertexta,
1059 3253 1149 3285 quae
1178 3252 1198 3273 e
1224 3251 1310 3273 vase
1337 3239 1473 3282 majore
1500 3238 1679 3279 oriuntur,
1715 3238 1760 3274 ad
1787 3237 1984 3282 marginem
2011 3241 2197 3271 externum
2222 3247 2348 3270 renum

134 3310 354 3345 decurrente.
407 3310 585 3345 conferas
612 3311 657 3344 ad
683 3310 772 3343 haec
798 3308 1034 3350 Rmsxnnm,
1062 3319 1143 3353 pag.
1160 3307 1209 3341 67
1234 3327 1282 3331 ——
1323 3305 1436 3340 Plura
1464 3306 1507 3338 dc
1532 3310 1636 3338 utero
1662 3304 1757 3339 infra
1783 3305 1940 3347 tradam,
1966 3305 2029 3339 ubi
2054 3305 2098 3338 de
2125 3303 2348 3337 oviductibus

135 3381 273 3423 agetur.
332 3378 507 3420 Feminis,
550 3378 717 3412 foetubus
744 3376 866 3420 paucis
892 3375 1068 3421 gravidis,
1109 3375 1200 3408 uteri
1233 3374 1348 3407 minus
1382 3372 1524 3406 distenti
1549 3372 1736 3417 minusque
1768 3372 1896 3405 reflexi
1923 3382 2002 3405 esse
2028 3369 2210 3412 videntur,
2252 3370 2347 3415 quod

138 3445 274 3479 FUNKH
302 3445 444 3478 tabulae
471 3445 493 3478 3
520 3445 634 3490 figura
651 3444 698 3478 10
724 3444 861 3488 probat.

287 3510 418 3554 Corde,
446 3511 590 3556 hepate,
624 3511 868 3557 pulmonibus,
898 3513 1043 3554 totoque
1078 3509 1195 3541 canali
1221 3505 1443 3541 alimentario
1470 3506 1632 3547 remotis,
1679 3509 1781 3538 utero
1809 3507 1927 3537 autem
1953 3506 2155 3536 extrorsum
2182 3506 2218 3536 et
2243 3504 2346 3538 deor-

137 3590 216 3613 sum
241 3580 430 3624 replicato,
469 3580 629 3613 ovaria
662 3583 697 3613 et
724 3578 966 3613 oviductus
992 3576 1028 3609 in
1055 3578 1283 3619 conspectum
1309 3573 1515 3618 prodibant,
1560 3572 1858 3617 quemadmodum
1892 3570 2034 3604 tabulae
2048 3569 2142 3604 XIV
2174 3570 2290 3616 figura
2304 3570 2344 3605 II
